2866 4822
273 259 355 332 tw
609 261 662 328 sle
683 259 863 330 Diuisione
884 259 1056 330 Natta-ne.

429 355 435 390 ¹
591 385 595 398 .

275 447 402 533 ipsam.
432 444 708 510 resurrectionem
732 441 830 520 dico,
865 445 1023 510 suturam.
1066 443 1116 509 M.
1142 445 1315 510 Ambobus
1341 447 1398 510 ita·

277 551 343 616 que
373 527 658 616 cooperatricibus
686 527 756 614 ipsa
786 529 923 614 quidem
953 545 1074 594 natura
1107 541 1141 591 et
1163 527 1270 616 gratia
1292 532 1398 593 resur·

276 611 382 678 rectio
414 612 619 699 perficietur.
663 613 706 676 D.
732 611 959 678 Crediderimt
992 613 1048 676 sed
1070 610 1152 698 quid
1176 613 1218 676 ad
1238 613 1395 700 gratiam,

276 697 359 783 quid
392 699 613 764 ad‘naturam
644 694 780 793 proprie
809 695 845 760 in
873 699 937 760 hac
970 693 1224 760 resurrectionis
1259 695 1396 762 actione

274 777 465 866 pertineat,
495 791 565 844 non'
600 780 676 843 satta
707 779 893 878 conspicor.
943 781 1079 846 Nullam
1111 777 1274 865 liquidem
1307 781 1395 844 inter

276 885 330 926 eae
364 863 425 926 else
449 883 550 928 nemo
574 861 708 928 solerter
730 862 911 950 saptentiae
935 863 1057 927 secreta
1079 861 1278 926 rimantium
1304 863 1394 928 dixe

274 945 320 1010 rit
342 945 575 1010 differentiam.
608 947 666 1008 M.
690 947 761 1012 smo
784 967 938 1033 magnam
960 946 1115 1032 diligenti
1143 968 1183 1009 ue
1204 945 1394 1033 inquisitio·

279 1051 323 1092 ne
350 1029 531 1113 lucidaque
564 1028 765 1094 inventione
795 1029 941 1117 dignam.
995 1034 1031 1092 ln
1056 1051 1094 1093 ea
1116 969 1278 1126 dquidem
1305 1035 1395 1095 theo

275 1111 342 1186 ria,
374 1111 410 1178 id
442 1113 486 1175 en
515 1114 556 1176 de
588 1111 830 1178 resurrectione
859 1115 921 1178 tria
953 1115 1116 1199 quaedam
1144 1111 1272 1175 rntueri
1296 1116 1394 1178 debe-

276 1217 369 1269 mus,
401 1210 434 1258 et
464 1193 573 1282 primo
602 1195 827 1270 inexhaustam
859 1196 994 1261 divinae
1022 1195 1184 1260 bonitatis
1206 1194 1394 1261 infinitam·

302 1299 344 1341 ue
372 1301 433 1363 per
454 1300 492 1344 ea
514 1295 547 1342 et
568 1277 604 1342 in
626 1301 664 1344 ea
686 1301 771 1366 quae
793 1281 879 1344 facta
903 1281 979 1344 sunt
1002 1278 1230 1352 diffufionm,
1270 1281 1394 1344 deinde

278 1299 450 1428 divisionis
478 1359 577 1448 ipsius
600 1365 788 1449 generalem
813 1361 1072 1450 bipertitamque
1094 1361 1338 1446 scaturiginem
1361 1365 1393 1430 iu

169 1446 176 1466 '
277 1465 315 1508 ea
346 1443 431 1530 quae
463 1448 586 1509 dantur
616 1462 649 1510 et
680 1469 717 1510 ea
746 1457 831 1532 quae
855 1450 1034 1510 donantur.
1077 1444 1157 1508 Tria
1178 1444 1295 1532 itaque
1322 1449 1394 1512 sunt

277 1529 534 1602 consideranda,
570 1527 723 1604 bonitas,
754 1535 891 1627 ejusque
922 1533 996 1594 data
1020 1544 1055 1594 et
1077 1531 1183 1606 dona,
1213 1549 1303 1616 quae
1329 1554 1349 1595 a
1371 1531 1397 1594 se

279 1611 429 1676 invicem
453 1611 614 1676 discernit
635 1611 774 1676 rationis
792 1635 896 1684 acres.
924 1611 1125 1700 propriaque
1142 1611 1187 1674 srn
1235 1611 1280 1675 lia
1297 1633 1394 1700 coep·

277 1707 335 1758 tat.
379 1699 503 1758 Datum
526 1693 640 1779 itaque
661 1695 795 1760 divinae
817 1695 980 1760 bonitatis
1003 1696 1046 1758 est
1067 1694 1187 1758 univer
1215 1695 1293 1758 tatio
1324 1701 1393 1762 sub·

275 1775 424 1852 stitutio,
449 1793 483 1840 et
505 1777 687 1840 secundum
711 1780 880 1864 generales
903 1795 936 1844 et
955 1777 1110 1860 speciales
1128 1777 1278 1841 rationes
1291 1802 1393 1846 cunc·

277 1875 386 1924 tarum
409 1873 632 1942 creaturarum
659 1859 871 1936 distributio.
914 1885 1013 1961 quam
1038 1861 1321 1946 superessentialis
1343 1868 1396 1930 bo·

276 1941 365 2006 nitas
402 1965 487 2028 quae
520 1947 613 2008 Deua
645 1944 708 2018 en,
749 1945 981 2010 universaliter
1016 1943 1173 2008 omnibua
1201 1945 1394 2030 largitura

276 2025 406 2118 summo
435 2048 542 2114 utque
574 2028 747 2110 deorsum3
780 2031 845 2094 hoc
875 2027 917 2092 est
947 2031 987 2092 ab
1020 2028 1240 2091 intellectuali
1275 2048 1394 2094 natura

276 2131 362 2196 quae
385 2109 513 2174 summa
536 2111 690 2174 omnium
714 2129 937 2175 creaturarum
962 2111 1023 2182 est,
1049 2132 1155 2196 usque
1177 2113 1218 2173 ad
1236 2131 1392 2198 corpora·

275 2193 341 2256 lem
365 2193 577 2280 quae-imum
600 2210 634 2258 et
654 2211 839 2258 extremum
864 2191 1086 2258 universrtatia
1104 2191 1246 2280 poffidet
1268 2199 1393 2261 locum.

276 2277 414 2340 Summa
436 2275 539 2376 igitur
562 2275 695 2340 bonitas
717 2279 773 2341 dat
793 2277 966 2340 universae
989 2277 1146 2340 conditae
1164 2291 1309 2344 naturae
1325 2283 1393 2351 else,

277 2360 438 2444 quoniam
459 2359 564 2444 ipsam
588 2381 627 2421 ex
649 2381 718 2422 non
743 2360 956 2425 existentibus
978 2359 1013 2422 in
1047 2357 1216 2423 existentia
1240 2366 1392 2427 adduxit.

275 2440 367 2505 Hinc
394 2441 518 2504 Beatus
552 2441 915 2530 Dionysrua‹capitulo
948 2458 1065 2530 quarto
1094 2447 1136 2506 de
1158 2445 1293 2508 coelesli
1321 2448 1394 2510 Hie·

245 2598 249 2614 Ι
275 2523 425 2588 ratchiaa
454 2523 649 2599 ..Primum
673 2529 797 2610 inquit,
827 2527 980 2590 omnium
1003 2527 1087 2590 illud
1112 2525 1259 2592 dicimus
1279 2529 1393 2596 secun·

276 2611 357 2686 dum
396 2605 591 2683 veritatem,
633 2609 725 2694 quod
754 2613 846 2672 Deua
882 2629 999 2674 omnes
1031 2624 1197 2673 creaturae
1227 2613 1393 2687 bonitate,

275 2709 346 2756 non
375 2689 565 2756 necessitate
596 2691 774 2756 substituit.
818 2693 871 2760 Eli
894 2694 984 2756 enim
1007 2695 1073 2756 hoc
1095 2694 1211 2756 causae
1235 2699 1392 2761 omnium
1420 2707 1421 2744 ³

275 2789 309 2838 et
338 2774 435 2860 super
465 2771 579 2838 omnia
600 2773 666 2840 Dei
688 2775 849 2840 bonitatis
872 2775 1067 2862 proprium.
1101 2779 1142 2838 ad
1165 2781 1395 2845 communica
1420 2769 1421 2848 i

275 2857 402 2923 tionem
426 2879 463 2922 ea
485 2880 571 2945 quae
592 2859 670 2922 sunt
689 2881 826 2932 vocare.
851 2865 941 2937 juxta
964 2856 1136 2943 arralogiae
1156 2863 1328 2960 cujusque
1346 2869 1394 2928 de·

273 2939 476 3006 finitionem.
522 2941 645 3007 Omnia
666 2941 771 3030 igitur
794 2965 878 3028 qnae
900 2943 992 3016 sunt,
1018 2941 1166 3006 divinam
1183 2947 1393 3032 participant
1420 2965 1421 2974 ¹

274 3024 525 3108 providentiam
547 3047 587 3089 ex
610 3026 868 3112 superessentiali
889 3025 1022 3088 Deitate
1044 3043 1272 3091 emanantem.
1305 3033 1395 3114 Quo·

178 3171 179 3174 ,
273 3111 375 3172 ruodo
399 3108 490 3173 enim
535 3107 695 3194 uidquam
718 3125 805 3184 erat,
830 3109 852 3172 fi
874 3131 984 3172 rerum
1011 3109 1140 3172 causam
1163 3131 1233 3174 non
1258 3115 1394 3196 partici-

219 3251 228 3258 .
273 3191 423 3276 pabant'l
448 3131 628 3254 Euidentia
649 3191 753 3337 igitur
778 3191 890 3257 omnia
910 3193 971 3255 esse
990 3196 1060 3270 ejus
1077 3191 1307 3279 participant:
1336 3200 1394 3261 esse

272 3274 364 3340 onim
396 3273 549 3338 omnium
580 3273 624 3336 cll
671 3298 692 3338 u
719 3273 932 3338 erelsentialie
967 3274 1159 3338 divinitas.”
1216 3279 1395 3346 Hactenus

276 3357 465 3440 Dionystua.
497 3359 542 3418 Et
563 3377 633 3420 non
655 3299 762 3422 solunt
788 3357 1062 3444 superessentialia
1083 3357 1216 3422 bonitas
1243 3363 1304 3423 dat
1329 3387 1393 3427 om·

271 3440 478 3512 triburense,
501 3460 619 3514 verum
643 3441 744 3504 etiam
765 3442 977 3506 aeternaliter
1000 3441 1072 3504 elle.
1118 3441 1238 3505 Omnis
1262 3449 1392 3532 quippe

272 3521 407 3586 essentia
438 3537 471 3585 et
505 3521 682 3587 substantia
706 3547 776 3588 non
801 3525 937 3588 aliunde
963 3539 996 3586 et
1021 3525 1064 3586 est
1086 3540 1120 3588 et
1142 3525 1300 3598 sublillit.
1338 3531 1393 3592 nist

271 3608 311 3668 ab
335 3627 373 3670 ea
395 3605 654 3691 superessentiali
677 3623 711 3672 et
732 3607 934 3671 substantiali
958 3607 1131 3682 bonitate,
1164 3629 1252 3705 quae
1274 3633 1342 3694 per
1366 3615 1393 3674 se

274 3711 352 3752 vere
385 3689 428 3752 est
458 3705 491 3752 et
514 3689 661 3753 subfillit.
704 3693 843 3756 Nullum
865 3713 1011 3776 namque
1034 3691 1244 3754 substantiale
1269 3698 1330 3758 vel
1354 3697 1394 3758 es·

271 3771 407 3836 sentiale
436 3773 564 3837 bonum
597 3795 657 3859 per
689 3775 722 3838 sc
751 3775 814 3846 eli,
846 3769 977 3860 praeter
1010 3773 1115 3858 ipsam
1138 3775 1258 3850 solam,
1295 3785 1392 3857 cujus

268 3853 484 3941 participatio
519 3857 576 3920 dat
604 3856 761 3921 omnibus
792 3860 880 3922 bona
912 3857 994 3929 effe,
1033 3857 1110 3920 solie
1143 3857 1261 3921 electis
1285 3863 1393 3926 donat

271 3937 431 4016 deificari.
476 3941 575 4008 Nulla
607 3939 697 4004 enim
722 3939 899 4005 essentialia
923 3939 1100 4004 substantia
1125 3941 1169 4004 est
1191 3939 1314 4006 divina
1340 3949 1392 4009 bo·

267 4021 374 4086 nitate
395 4021 552 4095 condita,
577 4044 663 4108 quae
680 4035 754 4089 'non
780 4023 991 4088 aeternaliter
1013 4037 1047 4088 et
1064 4023 1391 4092 incommutabiliter

268 4121 471 4188 permaneat.
513 4107 562 4167 Ea
591 4097 774 4192 siquidem'
805 4129 866 4171 nae
901 4122 1066 4204 perpetuo
1122 4109 1313 4174 erseverare
1337 4134 1390 4176 ne·

268 4205 414 4275 queram,
448 4187 636 4254 accidentia
659 4189 735 4254 sunt
758 4191 793 4255 su
820 4131 1205 4276 llanttio·superaddita,
1244 4210 1278 4256 et
1303 4193 1388 4258 circa
