3038 4832
293 263 366 342 136
614 269 670 339 tte
690 265 871 342 Diuisione
893 267 1066 366 Naturae.

294 457 332 524 in
354 453 457 524 caulis
478 451 778 545 universaliterque
799 469 929 525 creatae
950 451 1045 535 surit,
1080 453 1214 522 dividit.
1259 455 1417 526 Cunctae

294 537 434 628 quidem
465 539 621 607 essentiae
651 538 689 604 in
718 539 851 607 ratione
879 563 988 608 unum
1018 539 1111 615 sunt,
1142 539 1239 604 seusu
1270 541 1415 606 veroin

294 621 448 689 essentias
470 623 663 688 differentes
687 621 935 692 discernuntur.
979 623 1145 690 Omnium
1173 623 1288 710 itaque
1310 625 1418 688 essen·

293 705 419 772 riarum
454 729 495 772 ex
515 707 651 772 suorum
698 707 919 796 rincipiorum
943 705 1175 795 srmpliciffima
1196 705 1329 788 unitate
1353 729 1420 853 per

292 789 507 856 intellectum
528 791 585 855 lim
611 789 670 854 lici
708 815 798 856 mam
817 791 1050 880 cognitionem
1066 791 1152 856 ratio
1192 789 1329 878 ercipit3
1372 793 1418 855 ed

290 873 407 941 sensus
438 874 544 962 ipsam
580 815 825 974 simplicitatem
847 899 909 962 per
931 875 1135 940 differentias
1158 815 1317 973 sigregat.
1365 875 1418 938 si·

292 957 421 1024 militer
451 979 564 1024 rerum
593 980 716 1045 genera
736 949 967 1024 >uniformiter
1002 975 1037 1024 et
1065 957 1259 1045 su‘nplicrter
1286 957 1417 1022 insuia

292 1040 539 1120 uniuersalibus
569 1041 690 1117 caulis.
729 1057 764 1106 et
791 1041 828 1106 in
859 1042 904 1106 sei
931 1043 969 1106 sis
999 1065 1060 1128 per
1089 1042 1301 1106 intellectum
1324 1041 1416 1105 ratio

293 1145 334 1190 co
362 1123 492 1201 noscit,
523 1123 616 1190 illarn'
636 1147 717 1189 vero
740 1126 886 1213 generali
911 1147 1015 1190 rmarn
1037 1124 1281 1271 simplicitatem
1303 1123 1340 1188 in
1364 1125 1415 1187 se-

292 1147 365 1294 ipsa
392 1207 806 1296 individuamnullisque
839 1207 1040 1274 differentiis
1073 1231 1093 1273 o
1120 1209 1273 1288 noxiam,
1309 1207 1417 1272 nullis

231 1358 232 1368 ,
293 1287 528 1357 accidentibus
558 1293 757 1372 subjectam,
794 1293 897 1357 nullis
932 1291 1276 1389 spatiisrdislentam,
1309 1289 1416 1354 nullis

219 1413 221 1422 x
291 1373 446 1464 partibus
468 1376 703 1462 composttam.
735 1378 830 1440 nullo
852 1377 952 1440 localr
974 1375 1027 1438 vel
1051 1375 1216 1460 corporali
1237 1389 1336 1440 motu
1358 1395 1417 1436 va·

291 1457 400 1534 riam,
428 1458 464 1524 in
489 1459 617 1527 diversa
638 1480 761 1546 genera
784 1459 1056 1544 differentiasque
1103 1457 1283 1532 raedictas,
1319 1457 1417 1521 alias·
1495 1501 1496 1504 κ

317 1541 492 1619 nemisse,
530 1543 643 1606 seusus
690 1542 826 1624 artitu13
856 1542 892 1606 id
914 1542 1022 1640 ipsum
1050 1481 1099 1604 esi¹

290 1564 447 1701 sormis,'
474 1648 559 1712 quae
591 1567 743 1692 consirlta
769 1625 902 1699 ratione
933 1649 967 1690 rn
999 1624 1178 1712 generibus
1209 1623 1275 1687 suis
1305 1645 1418 1687 unum

292 1706 393 1784 sunt,
431 1708 528 1772 sensu
550 1724 663 1772 tamen
687 1726 848 1794 operante
869 1732 930 1794 per
949 1709 1117 1772 naturales
1141 1705 1372 1786 distinctiones
1398 1729 1417 1771 a

292 1789 500 1856 seinvicem
524 1791 781 1868 discernuntur,
811 1795 878 1856 hoc
901 1793 964 1865 est,
988 1811 1055 1876 quo
1079 1793 1180 1854 modo
1203 1790 1417 1854 naturalibus

292 1873 443 1942 motibus
474 1873 593 1940 divina
620 1873 837 1960 providentia
867 1889 1030 1960 regente,
1074 1875 1231 1960 jubente,
1271 1872 1418 1936 admini·
1495 1885 1496 1948 j

292 1959 431 2032 strante,
468 1956 505 2021 in
539 1957 697 2023 discretas
730 1953 842 2024 reru'm
879 1955 1168 2020 multiformitates
1201 1955 1442 2031 dividuntur„
1495 2013 1496 2016 ,

293 2039 365 2128 ipse
400 2039 594 2106 intellectus
622 2064 683 2128 per
705 2039 1016 2114 consubstantialem
1038 2038 1098 2103 fibi
1124 2040 1255 2104 sensum
1276 2041 1347 2103 stne
1369 2063 1419 2104 er·

292 2147 369 2190 rore
398 2124 576 2223 investigat
610 2140 644 2188 et
665 2123 894 2224 persequitur,
927 2123 1094 2209 certisque
1116 2121 1241 2210 regulis
1263 2143 1417 2210 compre·

292 2208 424 2274 hendit.
469 2209 564 2294 Qurd
595 2207 704 2272 dicam
741 2211 783 2273 de
813 2207 958 2272 infinitis
988 2205 1160 2282 numeris,
1197 2205 1256 2294 qui
1286 2222 1417 2296 qupnto

293 2288 468 2356 interioris
491 2291 603 2354 sensus
626 2291 761 2354 actione
782 2291 848 2356 stve
870 2290 905 2354 in
929 2289 1053 2376 seipso,
1076 2291 1143 2357 srve
1163 2289 1200 2354 in
1223 2312 1335 2354 rerum
1358 2313 1418 2354 na-

293 2390 369 2438 tura
398 2371 605 2456 multiplices
637 2373 745 2449 flunt;
785 2387 880 2436 tanto
908 2373 1041 2437 ratione
1061 2374 1264 2456 confiderata
1286 2373 1322 2437 in
1347 2374 1416 2438 suis

292 2453 410 2522 formis
433 2453 667 2518 universaliter
692 2471 725 2518 et
746 2455 940 2540 simpliciter
961 2479 1067 2521 unum
1089 2457 1186 2533 sunt,
1229 2473 1321 2521 et‘ut
1343 2459 1418 2522 bre·
1495 2465 1496 2538 Ῡ

291 2539 381 2602 viter
409 2536 626 2622 colligamus,
663 2540 822 2623 quodcun
849 2561 892 2601 ue
925 2539 1036 2604 anima
1064 2563 1125 2628 per
1146 2539 1293 2626 primum
1315 2541 1416 2604 suum
1495 2569 1496 2574 ¹

292 2637 444 2695 motum,
469 2619 527 2706 qui
551 2619 594 2688 ess
615 2617 809 2698 intellectus
827 2561 873 2686 tie
896 2626 970 2686 Deo
994 2639 1028 2686 et
1048 2623 1320 2711 primordialibus
1337 2645 1416 2686 eau-

292 2705 344 2772 sta·
362 2701 580 2768 uniformiter
611 2725 645 2768 et
677 2702 911 2770 universaliter
944 2707 1143 2793 cognoscit,
1176 2707 1324 2772 secundo
1353 2707 1416 2770 suo
1495 2725 1496 2732 ¹

211 2837 214 2852 ,
291 2786 420 2870 motui,
450 2785 510 2885 qui
533 2787 576 2850 esi
596 2786 704 2862 ratio,
744 2791 863 2853 eodem
883 2793 986 2854 modo
1009 2789 1225 2854 uniformiter
1244 2790 1416 2854 universa·

291 2871 438 2970 literrpue
460 2869 585 2957 aufigit.
628 2871 732 2956 Quod
754 2886 867 2936 autem
890 2895 907 2935 a
930 2873 1157 2959 superiorrlrus
1179 2896 1240 2960 per
1261 2873 1414 2938 intellec·

293 2971 368 3038 tum
390 2954 583 3047 iuratione
603 2953 786 3019 formatum
812 2953 955 3052 accipit,
979 2958 1044 3022 hoc
1067 2969 1178 3039 totum
1200 2956 1237 3020 in
1254 2956 1415 3020 discretas

292 3039 467 3114 essentias,
490 3037 527 3102 in
550 3039 693 3102 discreta
738 3059 856 3113 encra,
879 3060 915 3100 rn
940 3037 1083 3102 diversas
1105 3039 1246 3113 formas,
1268 3039 1305 3102 in
1329 3041 1417 3102 rnul-

293 3121 428 3209 tiplices
450 3143 609 3186 numeros
631 3143 693 3208 per
713 3060 845 3186 sensum
867 3120 1085 3185 inferioribus
1107 3121 1284 3186 effectibus
1310 3120 1416 3202 distri·

202 3195 211 3220 '
291 3205 378 3270 buit.
421 3207 466 3268 Et
486 3220 526 3267 ut
548 3204 698 3290 apertius
718 3204 846 3282 dicam,
883 3207 1111 3291 quodcunque
1133 3205 1244 3268 anima
1264 3205 1415 3270 humana
1495 3229 1496 3236 ¹

251 3291 263 3306 “
292 3312 355 3376 per
375 3287 589 3352 intellectum
611 3286 708 3351 suum
730 3287 919 3354 iuratione
941 3289 998 3351 sua
1024 3290 1066 3352 de
1086 3293 1159 3352 Deo
1176 3293 1284 3375 deque
1301 3311 1416 3352 rerum

291 3369 471 3470 principiis
502 3369 719 3436 uniformiter
748 3372 945 3457 cognoscit,
980 3375 1046 3435 hoc
1067 3387 1177 3436 totum
1200 3394 1262 3458 per
1282 3372 1415 3435 sensum

291 3477 328 3520 rn
350 3454 537 3518 causarum
560 3453 734 3518 effectibus
756 3453 992 3540 multipliciter
1012 3454 1197 3542 intelligit3
1235 3471 1269 3519 et
1290 3454 1414 3519 iterum

289 3553 403 3602 totum
436 3539 528 3625 quod
555 3559 616 3623 per
653 3537 785 3602 sensum
806 3537 1042 3624 multipliciter
1062 3539 1208 3624 sparsum
1229 3537 1266 3602 in
1289 3535 1414 3601 effecti-

289 3624 354 3688 bus
385 3619 570 3708 intelligit,
599 3643 660 3706 per
694 3621 860 3686 rationem
882 3619 918 3685 in
942 3621 1044 3688 caufis
1066 3643 1174 3684 unum
1196 3619 1415 3686 uniformiter

291 3703 457 3770 subsistere
479 3701 650 3802 perspicit.
685 3707 809 3770 Omnia
830 3725 910 3776 vero
934 3727 973 3769 ex
994 3727 1063 3768 una
1086 3704 1239 3770 omniurn
1262 3706 1359 3769 causa
1378 3719 1416 3770 et

289 3787 586 3875 multiplicationrs
615 3805 828 3854 momentum
860 3787 1033 3874 incipere,
1070 3803 1105 3860 et
1127 3787 1269 3852 unitatis
1290 3788 1348 3852 fita
1374 3787 1415 3852 li·

252 3919 259 3928 -.
290 3871 448 3950 citatem,
489 3893 554 3958 qua
578 3869 614 3934 in
640 3894 678 3936 ea
701 3871 913 3954 aeternaliter
934 3887 969 3934 et
991 3869 1317 3938 incommutabiliter
1338 3811 1414 3936 sub·

288 3955 421 4030 sistunt,
443 3957 539 4020 nullo
564 3957 666 4020 modo
679 3947 857 4032 ‘deserere3
892 3954 1064 4042 totiusque
1086 3955 1139 4020 sui
1159 3969 1277 4020 motus
1295 3955 1413 4032 sineru,
1495 3977 1496 3992 ¹

291 4053 327 4102 et
354 4037 392 4104 in
422 4060 460 4103 ea
489 4038 669 4104 terminare
697 4063 759 4121 par
788 4039 1000 4105 intellectum
1028 4037 1198 4127 purillime
1221 4037 1411 4128 cognoscit.

288 4125 344 4186 De
375 4119 482 4188 tribus
515 4121 646 4187 animae
668 4125 837 4200 motibus,
867 4124 934 4187 hoc
958 4123 1020 4203 ess,
1058 4125 1100 4187 de
1120 4118 1317 4198 intellectu,
1376 4123 1414 4186 ui

290 4205 394 4272 etiam
416 4203 570 4282 essentiat
601 4222 637 4273 et
658 4209 699 4273 de
720 4209 869 4282 ratione,
896 4227 994 4294 ·quae
1014 4204 1144 4296 virtua3
1184 4207 1282 4272 etde
1302 4205 1336 4272 se
1376 4227 1411 4282 u,
1457 4251 1460 4262 .
1495 4279 1496 4288 ἵ

498 4326 503 4341 ι
959 4300 962 4314 ⁴
1183 4305 1196 4336 Ι
1495 4297 1496 4306 ¹

1115 1541 1151 1605 in
1179 1541 1418 1606 disserentibus
1495 1559 1496 1580 ¹
