3036 4862
306 229 397 306 888
639 227 694 300 sse
713 229 895 300 Diuisione
915 225 1087 298 Nascere.

311 417 422 484 testam
442 411 527 482 honi
548 411 659 480 omnia
678 413 784 479 malos
807 413 980 480 seducent.
1011 411 1084 478 Cur
1103 424 1216 476 autem
1237 424 1428 498 utrumque

308 501 459 590 lignum,
492 501 560 564 boe
581 495 643 573 est,
666 517 767 560 omne
786 495 919 584 lignum
941 499 1034 583 quod
1056 493 1156 560 etiam
1177 494 1308 580 lignum
1330 493 1429 560 vitae

309 599 468 658 vocatur,
493 596 528 646 et
548 583 689 646 alterurn
709 579 842 666 lignum
863 579 1022 645 scientiae
1043 577 1126 644 boni
1149 593 1184 642 et
1203 578 1283 644 meli
1298 578 1335 644 in
1352 599 1428 656 me·

312 667 369 734 dio
390 664 530 754 paradisi
551 665 613 728 else
634 680 828 728 narrantur:
852 686 922 729 non
946 661 1052 728 otiosa
1074 663 1117 726 est
1136 661 1299 747 quaesii03
1333 683 1429 748 quae

310 766 444 825 temen,
473 763 513 812 ut
543 769 562 812 o
589 746 684 822 inor,
715 744 775 812 tuli
803 751 907 812 modo
928 745 1011 812 solvi
1034 743 1150 836 potest.
1194 743 1250 810 Sic
1270 743 1428 831 primum

224 823 228 839 '
310 829 449 921 quidem
470 847 541 896 tota
562 771 711 896 sumana
731 845 870 906 nature.
906 826 1045 894 risibilis
1068 825 1230 894 videlicet
1254 843 1288 892 et
1307 826 1428 891 invisi-

308 915 405 991 bitis.
426 913 571 982 exterior
585 929 620 980 et
634 911 793 988 interior,
815 916 858 978 ed
874 909 1057 999 imaginem
1072 910 1137 974 Dei
1151 911 1250 986 secte,
1273 926 1308 974 et
1318 932 1427 1009 prop·

311 1016 363 1064 ter
382 1014 559 1087 peccatum
582 997 793 1082 superaddita
813 995 1002 1080 intimanda
1023 995 1142 1064 suerat.
1184 992 1346 1081 Quisquis
1359 993 1428 1058 ita·

311 1104 377 1170 que
408 1097 538 1150 textum
566 1077 726 1144 sermonis
747 1077 838 1143 beati
861 1077 1015 1166 Gregorii
1037 1079 1079 1144 de
1099 1080 1246 1162 imagine
1264 1077 1425 1142 intentur

335 1159 530 1252 eripererit,
564 1159 725 1228 senariam
758 1160 863 1228 tofina
883 1165 1051 1228 humanae
1070 1177 1210 1226 naturae
1231 1174 1266 1226 et
1285 1182 1428 1248 genera-

309 1190 387 1312 liter
408 1247 445 1321 in
467 1246 624 1313 omnibus
647 1260 682 1309 et
702 1243 889 1331 specialiter
909 1245 946 1310 in
968 1243 1104 1330 fingulie
1120 1243 1426 1342 participationem

228 1407 232 1414 Ι
309 1329 465 1418 reperiet.
506 1331 555 1394 Ac
586 1327 733 1417 primum
762 1327 799 1392 in
832 1332 913 1394 duae
940 1326 1048 1393 veluti
1075 1327 1280 1425 prrncipalee
1306 1342 1426 1414 parter

310 1413 520 1512 segregatum
545 1429 580 1478 et
602 1433 670 1478 nna
693 1411 831 1498 quidem
852 1409 986 1498 corpori
1008 1411 1219 1486 attribuitur,
1242 1411 1345 1474 altera
1364 1432 1426 1476 ve-

309 1518 348 1562 ro
373 1518 525 1571 permeet
563 1511 598 1560 et
619 1517 657 1560 ee
680 1493 817 1580 quidem
838 1517 923 1582 quae
946 1493 1097 1580 corpori,
1128 1491 1284 1562 exteriori
1304 1493 1427 1577 videli-

309 1595 365 1648 cet
393 1578 525 1645 homini
549 1581 669 1652 detur,
700 1575 736 1640 iu
760 1593 825 1642 trec
847 1594 957 1664 parter
980 1575 1174 1642 rationabili
1195 1573 1354 1641 contuitu
1374 1575 1428 1640 se·

309 1678 465 1751 peraturr
489 1683 630 1746 quarum
651 1657 758 1746 prima
780 1681 901 1749 corpue
923 1661 1033 1748 ipsum
1055 1660 1099 1724 eil
1120 1659 1262 1724 formate
1280 1657 1426 1724 materia

312 1745 549 1818 constitutum
574 1747 615 1808 de
636 1764 704 1841 quo
726 1745 935 1810 solummodo
954 1741 1171 1841 praedicetur
1193 1744 1272 1819 esse,
1293 1765 1361 1828 quo
1383 1741 1425 1806 in

309 1833 458 1894 bumana
478 1839 598 1892 nature
618 1827 669 1892 orl
690 1823 832 1892 inferiue
853 1825 1066 1925 intelligitur.
1109 1827 1265 1892 Secunde
1285 1847 1361 1912 para
1377 1825 1425 1890 est

310 1909 437 1976 sursum
472 1909 585 1974 rersna
614 1929 700 1996 quae
729 1909 846 1976 multis
876 1909 1074 1976 nominibut
1101 1909 1261 2008 appellari
1284 1925 1318 1973 et
1339 1911 1427 1976 solet

312 2009 346 2060 et
365 1992 481 2080 potest.
524 1991 661 2058 Dicitur
683 1991 774 2056 enim
796 1993 961 2058 nutritiva
983 2009 1017 2058 et
1039 2009 1189 2068 auctrva,
1212 1989 1292 2079 quie
1312 1992 1427 2056 nutrit

311 2097 434 2164 corpur
465 2090 499 2140 et
520 2089 621 2162 auget
642 2091 676 2140 et
698 2074 872 2141 continete
906 2091 1037 2140 utnon
1059 2077 1185 2140 defluat
1206 2091 1240 2138 et
1261 2073 1425 2140 solvatur.
1487 2081 1488 2086 ’

309 2163 456 2226 Vocatur
477 2157 578 2224 etiem
599 2156 711 2222 vitalia
732 2175 865 2225 metue:
886 2179 952 2224 uec
967 2157 1154 2234 immerito,
1177 2159 1269 2242 quod
1285 2181 1356 2230 uon
1372 2158 1426 2224 so-

309 2245 381 2308 lum
402 2241 505 2306 vitam
529 2263 587 2308 cor
612 2241 663 2306 ori
684 2241 840 2328 praesset,
862 2264 981 2306 verum
1002 2240 1102 2305 etiam
1124 2256 1239 2305 movet
1253 2239 1339 2306 illud
1352 2241 1425 2308 srvo

311 2324 465 2391 localiter
491 2347 551 2408 per
580 2266 608 2388 p
618 2322 685 2390 etia
713 2327 886 2400 locorum,
918 2325 985 2388 srve
1004 2345 1065 2409 per
1087 2345 1247 2388 numeros
1266 2327 1425 2390 locorum

311 2425 346 2473 et
367 2423 576 2492 temporumt
593 2349 751 2472 locorum
766 2428 860 2471 nunc
874 2406 969 2480 dico.
991 2405 1114 2493 quibua
1150 2404 1305 2472 lenitudo
1317 2429 1426 2472 tuem-

309 2494 447 2556 brorum
475 2487 652 2576 impletur,
697 2505 889 2575 temporum
920 2510 1020 2565 vero,
1059 2431 1182 2574 quisine
1211 2485 1425 2557 incrementa

311 2587 458 2638 aeterum
480 2573 522 2634 ed
544 2569 790 2658 perfectionem
812 2575 994 2636 ducuntur.
1024 2572 1139 2636 Tertia
1160 2593 1235 2658 perr
1258 2574 1311 2650 est,
1335 2595 1424 2660 quae

309 2655 347 2720 in
380 2651 669 2742 quinque-partito
699 2674 862 2740 corporeo
885 2655 982 2718 sensu
1003 2653 1232 2741 dignoecitur‚
1265 2678 1351 2743 quoe
1370 2657 1424 2722 vi·

310 2735 434 2806 delicet
461 2757 537 2824 pere
566 2737 752 2821 phantasiae
773 2759 884 2801 rerum
907 2735 1061 2802 omnium
1081 2737 1303 2816 senfibilium,
1334 2761 1423 2826 quae

310 2820 409 2888 circa‘
426 2817 602 2884 hominem
631 2819 829 2884 exteriorem
858 2817 1115 2918 intelliguntur,
1151 2821 1274 2910 recipit
1294 2844 1422 2888 memo·

308 2903 445 2992 rieeque
476 2899 588 2966 tradit.
631 2907 670 2968 ln
702 2899 755 2966 hie
778 2901 885 2968 tribue
906 2905 1057 2990 partibus
1078 2919 1171 2970 totue
1195 2904 1339 2970 exterior
1357 2909 1423 2973 ho·

307 3009 365 3052 mo
387 2981 618 3052 constituitur.
674 2983 817 3050 Interior
843 3007 926 3050 vero
954 2989 1057 3052 homo
1078 2987 1137 3072 qui
1159 2987 1196 3052 in
1219 2987 1330 3054 anime
1351 2991 1421 3054 sola

307 3063 464 3145 subsistit.
488 3083 522 3133 et
542 3070 586 3132 ed
605 3065 789 3156 imaginem
809 3067 876 3132 Dei
896 3069 1004 3133 fectus
1026 3067 1087 3142 est,
1115 3071 1251 3136 alteram
1272 3069 1420 3157 triperti-

309 3159 379 3220 tam
400 3149 522 3238 recipit
544 3153 793 3218 discretionem.
822 3153 934 3226 Habet
953 3151 1044 3216 enim
1066 3151 1195 3220 sensum
1208 3153 1419 3232 interiorem,

193 3309 202 3322 ⁸
306 3259 368 3324 per
400 3257 502 3322 quem
533 3233 645 3298 anima
675 3235 861 3320 phantasiae
893 3235 1094 3300 sensibilium
1122 3259 1234 3302 rerum
1256 3259 1336 3335 quaa
1356 3261 1421 3324 per

307 3339 508 3416 corporeum
542 3315 675 3378 sensum
715 3315 859 3404 excipit,
901 3317 1062 3383 discernit
1100 3335 1200 3406 etque
1238 3319 1416 3400 dijudicet.

306 3402 441 3466 Dernde
461 3396 627 3462 rationem
647 3396 808 3484 possidet,
829 3422 890 3487 per
911 3424 1010 3488 quam
1032 3402 1185 3467 omnium
1204 3425 1419 3491 rerumquae

305 3485 361 3548 vel
381 3479 570 3578 intelligere
590 3479 647 3544 vel
667 3480 790 3546 sentire
804 3485 930 3570 potest,
952 3483 1099 3550 rationes
1114 3485 1299 3573 investiget
1321 3491 1419 3554 Sum·

306 3587 402 3633 mum
423 3567 572 3630 homrnre
594 3561 639 3626 est
659 3563 813 3640 animur,
836 3569 924 3633 ultre
946 3589 1044 3652 quern
1067 3567 1103 3632 in
1126 3572 1272 3634 humana
1296 3586 1419 3636 uature

305 3646 357 3714 nil
389 3645 540 3733 superine
568 3643 760 3724 invenitur,
793 3654 889 3730 cujua
916 3649 1091 3737 proprium
1123 3651 1271 3718 officium
1303 3653 1347 3718 ess
1383 3671 1420 3718 et

330 3730 492 3796 raedictee
524 3743 634 3815 pertee
663 3728 839 3798 inferioree
868 3733 900 3796 se
920 3755 1059 3820 regere,
1094 3751 1128 3799 et
1151 3758 1189 3800 ea
1210 3757 1296 3824 quae
1317 3737 1421 3822 supra

304 3755 339 3880 se
360 3814 454 3910 [ιιιιιξ
476 3815 589 3876 Deum
608 3812 704 3878 suum
725 3813 905 3898 videlicet.
927 3832 962 3880 et
983 3839 1021 3882 ea
1041 3839 1127 3906 quae
1147 3819 1183 3884 iu
1200 3817 1274 3905 ipso
1293 3833 1419 3906 etpro-

221 3903 224 3912 '
303 3895 395 3962 xime
423 3915 511 3960 crrca
540 3895 551 3960 i
578 3893 662 3964 sum.
678 3897 869 3973 subsrstunt,
902 3917 1066 3985 quantum
1086 3899 1204 3966 sinitur
1222 3904 1417 3980 escendere,

256 3993 277 4048 e
303 3977 536 4066 contemplari.
553 3919 701 4044 l'idemc
714 3979 818 4068 igitur
834 3979 997 4050 senariam
1008 3987 1175 4050 humanae
1197 3994 1340 4050 naturae
1349 3985 1418 4052 die·

304 4061 987 4140 cretionemlsislenim,etrivinetsentit
1019 4069 1417 4155 ercorpur;sentitextra

303 4165 437 4238 corpur,
453 4144 683 4224 ratiocinetur,
698 4145 870 4238 intelligit.
881 4208 884 4214 .
894 4151 958 4218 Sed
973 4091 1030 4239 ille
1044 4150 1107 4218 trie
1119 4151 1248 4240 quaein
1256 4152 1417 4220 inferiori
