2952 4824
217 323 226 336 .
292 275 347 358 49
595 273 653 358 lle
671 217 853 348 ”dirim
873 269 1047 352 Nurum

293 453 424 526 urbita
449 469 551 526 etue
579 453 754 546 tangibile.
795 454 945 546 ideoque
961 456 1101 528 ‘contre
1130 455 1263 548 flagito,
1291 477 1336 530 ue
1367 461 1410 527 fit

171 614 176 628 ,
294 539 360 608 tibi
389 475 560 610 morulam
588 540 717 608 diutine
738 541 781 608 de
800 544 865 610 hac
884 541 1053 631 praesenti
1075 541 1271 610 difficultate
1285 543 1408 632 'dispu-

294 641 376 691 tare.
417 627 466 714 M.
492 622 588 714 Quid
616 625 720 714 ergol
754 625 887 714 Nempe
915 628 1123 706 jamdudum*
1144 626 1234 694 inter
1265 651 1330 694 noe
1363 629 1411 693 est

294 709 505 786 confectum,
536 707 659 776 omnia¹
672 729 758 795 quae
780 710 837 774 rel
857 709 955 775 lensu
975 729 1157 798 corporeo,
1185 714 1240 778 vel
1260 712 1409 789 ratione,

294 795 351 858 vel
383 791 574 858 intellectu
596 791 865 878 cognoscuntur,
904 795 946 859 de
975 797 1049 859 Deo
1078 808 1232 875 creatore¹
1252 794 1413 861 omnium

294 876 416 944 merito
445 873 537 962 polle
564 873 771 964 praedicarir
805 877 887 942 dum
917 875 1004 942 nihil
1037 897 1154 943 eorum
1185 899 1270 966 quae
1300 881 1343 944 de
1376 881 1412 943 se

293 959 530 1050 predicantur,
562 979 648 1045 pura
676 956 828 1023 veritatis
859 959 1102 1048 contemplatio
1133 983 1211 1030 eum
1242 965 1413 1060 approbet

295 1045 369 1144 elle.
388 1041 456 1191 dl).
483 1043 525 1110 ld
551 1040 662 1132 ipsum
684 1040 918 1112 inconcuffum
939 1043 1020 1122 elle,
1050 1045 1194 1132 luceque
1217 1047 1339 1110 clarius
1359 1067 1414 1110 ra·

295 1141 345 1192 110
367 1147 385 1191 e
411 1139 497 1192 Ocet.
904 1149 908 1158 ’

348 1210 409 1296 39.
430 1211 479 1274 M.
502 1206 539 1272 Si
561 1229 640 1296 ergo
663 1209 704 1274 de
724 1211 799 1272 Deo
821 1205 936 1274 omnia
959 1229 1044 1296 quae
1060 1209 1157 1286 lunt,
1181 1229 1251 1274 non
1269 1209 1413 1296 quidem

275 1289 284 1302 “
318 1293 450 1380 roprie,
478 1292 536 1357 led
563 1295 667 1358 modo
690 1293 837 1378 quodam
857 1292 1109 1370 translationis,
1144 1315 1250 1380 quum
1272 1292 1346 1357 abi
1377 1295 1414 1359 lo

293 1315 384 1450 lunt,
404 1375 470 1441 rite
490 1374 746 1463 praedicanturt
768 1373 852 1462 quid
871 1375 994 1440 mirum
1016 1377 1040 1440 fi
1060 1391 1183 1441 cuncta
1204 1397 1290 1464 quae
1310 1318 1415 1442 inlo-

294 1481 337 1526 co
354 1449 448 1537 l'unt,
471 1461 554 1524 dum
565 1458 747 1540 majoribus
761 1459 890 1524 [eundi
916 1481 958 1523 ue
971 1457 1153 1525 videantur
1166 1459 1414 1536 circumfundi,

292 1545 391 1609 locus
438 1539 537 1610 offiut
547 1540 738 1620 nominari3
762 1563 840 1610 cum
854 1482 987 1608 nullum
1007 1541 1143 1606 illorum
1181 1541 1293 1630 roprie
1311 1545 1417 1609 locue

292 1625 346 1703 fit,
368 1567 515 1692 ferlloco
528 1623 685 1714 propriae
704 1626 781 1712 [uae
795 1641 935 1692 naturae
945 1565 1340 1712 contineturi'cumque
1362 1625 1418 1691 vi·

294 1711 435 1776 dearuue
457 1730 519 1795 per
534 1707 796 1792 metonymiam,
811 1709 835 1774 i.
850 1731 879 1776 e.
894 1707 1273 1784 transnominationem,
1297 1711 1338 1773 ab
1350 1709 1414 1776 hie
1470 1715 1471 1724 ’

294 1813 382 1894 quae
399 1791 581 1862 continent
600 1790 770 1858 nominari
788 1813 926 1878 eaquae
942 1791 1179 1867 continentum
1203 1813 1275 1856 non
1293 1807 1417 1858 tamen

292 1889 344 1939 rta
358 1875 580 1940 continentur
596 1877 636 1940 ab
651 1874 710 1946 eie.
733 1888 773 1936 ut
783 1877 851 1938 line
864 1875 916 1938 eis.
927 1874 1016 1937 intra
1028 1875 1197 1938 naturales
1208 1875 1284 1939 suoa
1297 1875 1419 1940 termi-

185 1983 188 1988 ·
293 1955 767 2054 noelubsrsterenonpoffint.
792 1957 874 2020 Usue
884 1954 1417 2042 dquidemmortaliurudomurn,

293 2061 451 2118 uxorem,
483 2041 544 2106 seu
569 2037 733 2104 familiam
754 2039 839 2104 solet
859 2041 1043 2126 appellare,
1073 2059 1151 2103 curu
1171 2042 1255 2104 haec
1275 2049 1418 2106 natura-

292 2123 373 2188 liter
406 2123 536 2187 distent.
578 2124 658 2188 Nou
690 2119 783 2188 enim
813 2124 933 2189 domuc
953 2121 1094 2208 praestat
1113 2121 1212 2187 uxori
1233 2123 1291 2188 seu
1312 2125 1419 2190 fami·

292 2205 360 2271 liae
388 2201 645 2272 substantialiter
676 2205 755 2282 effer
786 2204 848 2270 led
874 2221 1014 2270 naturae
1040 2207 1147 2272 locus.
1190 2206 1305 2292 Quum
1327 2229 1419 2276 vero

292 2289 333 2353 in
361 2309 401 2353 ea
423 2285 720 2376 poffidentur,eb
750 2307 789 2350 ea
819 2285 1031 2352 denominari
1073 2289 1191 2354 [olent.
1234 2288 1420 2356 Similiter·

292 2392 363 2462 que
391 2391 430 2436 ea
457 2391 544 2457 quae
573 2367 755 2435 continent
781 2371 822 2434 ab
850 2369 904 2435 hie
932 2391 1017 2456 quae
1038 2368 1284 2452 continentur,
1312 2373 1420 2441 verbi

293 2451 421 2542 gratia,
449 2455 515 2517 Aer
536 2451 692 2518 continet
711 2453 845 2526 lucem;
867 2452 945 2517 ideo
966 2452 1176 2538 illuminatae
1198 2477 1254 2521 aer
1275 2459 1336 2521 lux
1364 2457 1420 2523 di·

293 2533 395 2600 citur.
439 2536 568 2600 Oculus
596 2535 689 2600 visua
723 2551 882 2610 vocatur,
911 2536 970 2599 lcu
989 2536 1091 2614 vilio,
1123 2539 1205 2603 dum
1224 2560 1337 2628 neque
1360 2541 1420 2606 vi·

295 2619 371 2694 lua,
394 2639 519 2762 ‘neque
548 2615 630 2684 vifio
661 2617 702 2682 fit
727 2621 822 2698 juxta
849 2632 988 2683 naturae
1016 2619 1268 2708 proprietatem.
1320 2623 1420 2708 Quia

294 2700 390 2768 enim
417 2723 462 2765 ne
478 2699 546 2780 ciat
572 2701 710 2783 oculum
737 2716 872 2786 partem¹
897 2705 1065 2788 quandam
1087 2707 1293 2790 corporalem
1316 2707 1420 2793 capi·

273 2783 360 2858 ¹tio.
388 2783 631 2882 humidamque
645 2783 743 2860 tetre,
775 2805 837 2870 per
868 2807 969 2870 quam
997 2785 1089 2852 vilue
1117 2787 1208 2852 fulua
1235 2787 1421 2857 radiorum

294 2868 410 2944 instar,
439 2887 480 2931 ex
501 2887 652 2943 memce,
679 2869 747 2932 hoc
767 2867 811 2930 cst
830 2869 1060 2933 membranula
1082 2870 1210 2934 cerebri
1229 2871 1317 2936 iores
1331 2872 1419 2938 iun·

295 2949 416 3015 ditur‘l
452 2948 590 3015 Menicu
620 2949 870 3015 vero'luminia
901 2966 1055 3016 naturam
1086 2975 1126 3016 ex
1153 2957 1273 3029 corde,
1316 2953 1420 3053 ignia

82 3027 86 3046 '
192 3106 193 3109 Ἴ
294 3031 456 3097 videlicet
481 3035 576 3108 fede,
607 3031 740 3118 recipit.
785 3034 840 3096 Est
861 3032 951 3096 enim
973 3034 1064 3108 vilue
1085 3037 1246 3100 naturalia
1267 3037 1420 3106 luminis

293 3117 331 3180 in
354 3113 451 3181 sensu
471 3115 614 3181 ridendi
634 3113 830 3201 poffidentia
849 3113 1006 3181 radiatim
1024 3117 1295 3216 foraaproliliene
1313 3123 1421 3186 emis·
1470 3151 1471 3158 ¹

295 3199 360 3265 lior
390 3221 476 3285 quae
506 3205 585 3264 cu'm
613 3197 783 3262 coloribus
814 3198 995 3286 formisque
1025 3217 1227 3267 exteriorum
1250 3203 1423 3272 senlibili-

295 3305 354 3346 um
385 3302 565 3367 corporum
599 3278 908 3358 circumfunditur,
944 3281 1091 3349 mirabili
1125 3283 1298 3350 celeritate
1330 3285 1423 3385 ipsas

294 3363 453 3429 coloratio
480 3361 668 3428 vifibilibue
697 3363 813 3429 formis
843 3365 1083 3431 conformatur.
1124 3369 1179 3430 Est
1210 3367 1302 3434 enim
1324 3370 1422 3439 'rufio

145 3499 146 3506 ,
247 3467 248 3472 ’
293 3447 480 3512 formarum
513 3449 732 3534 colorumque
768 3447 993 3534 corporalium
1023 3449 1061 3514 in
1096 3450 1199 3516 radiie
1230 3453 1423 3522 oculorum

317 3532 459 3594 uaedam
486 3527 599 3617 imago
631 3531 863 3608 conformata,
902 3554 987 3618 quae
1018 3534 1112 3597 nulla
1142 3557 1235 3600 mora
1264 3535 1424 3606 instante

294 3551 392 3678 lenio
411 3609 593 3698 recipitur,
614 3611 862 3701 memoriaeque
883 3615 1058 3680 sentientia
1077 3615 1241 3706 infigitur.
1278 3621 1424 3690 Eadem

295 3696 381 3760 ratio
395 3694 496 3760 eli'in
517 3696 616 3761 sensu
636 3695 778 3762 aurium.
821 3699 907 3761 Nam
928 3714 962 3762 et
981 3697 1145 3785 particula
1167 3721 1253 3788 quae
1268 3705 1423 3790 proprie

237 3839 238 3844 ,
294 3779 384 3843 auria
412 3777 560 3856 dicitur,
580 3799 631 3854 ¹ex
653 3778 773 3845 auditu
794 3777 1051 3860 denominatur,
1082 3804 1188 3871 quum
1208 3783 1424 3856 instrumen-

172 3865 174 3870 ’
293 3861 524 3928 tum‘auditue
547 3861 602 3927 est.
644 3865 753 3950 Atque
774 3861 812 3929 id
831 3885 940 3954 genua
960 3865 1064 3931 mille.

354 3953 408 4030 4⁰·
444 3949 489 4009 D.
517 3947 563 4010 Et
590 3949 657 4014 hoc
686 3949 786 4032 plane
813 3946 990 4035 perficio.
1041 3951 1091 4014 Μ.
1118 3948 1263 4016 Videsne
1289 3947 1427 4041 itaque
1470 3955 1471 3960 ’

294 4039 362 4116 qua
389 4027 652 4108 consuetudine,
682 4051 861 4120 rerumque
888 3971 1182 4131 lrgnificandarum
1202 4033 1425 4118 ueceffitate,

293 4111 395 4202 inope
422 4127 575 4179 verarum
600 4136 713 4180 rerum
746 4111 956 4182 discretionre
976 4117 1187 4195 humanitas,
1219 4120 1280 4182 hae
1303 4120 1425 4189 abnfi.

177 4213 179 4224 ¹
293 4217 354 4264 rat
383 4213 495 4266 rerum
524 4195 817 4267 denominationes
848 4200 1033 4287 repererit:
1060 4201 1163 4275 imam
1190 4199 1425 4294 mediamque
