2970 4826
298 225 381 298 46⁰
630 219 685 292 llo
704 199 890 292 bouum
908 215 1084 290 Naturae.

230 464 233 473 .
294 403 438 498 flautei.=
469 405 518 472 bc
548 403 574 470 li
602 420 718 492 aperte
745 403 892 472 dicerett
928 403 1011 473 dum
1043 341 1236 490 abicrptuui
1258 399 1379 468 'luerit
1409 426 1427 468 a

298 485 1029 660 :tiitnamqqipcqqtgqlmttqqpqqqqstqffiqx‘illgoeqst
1057 485 1428 638 {qthsslqrpsessqqqad

298 671 354 726 tur
374 679 494 740 eorpus
512 657 675 734 cnirnole,
693 653 819 750 surget
840 677 958 739 corpas
966 649 1161 750 spirituale.
1203 655 1302 720 Item.
1329 658 1427 722 Dan

180 755 183 762 '
296 741 512 827 corruptibile
540 743 605 806 lece
633 743 780 806 induerit
815 743 1107 822 incorruptionem,
1145 751 1179 802 et
1199 739 1347 804 mortale
1367 743 1427 806 ltoc

297 828 446 894 induerit
466 825 761 892 immortalitatem.
792 819 916 890 Molee
937 823 1053 911 itaque
1075 838 1224 898 terrena,
1255 824 1426 900 morulis,

298 909 447 983 fluxilia,
476 930 562 998 quae
587 929 626 974 ex
649 908 784 976 direrfia
808 905 1026 995 qualitatibua
1048 905 1253 972 leulibilium
1276 910 1427 974 clemen·

171 1041 182 1050 --
297 1012 412 1060 torum
445 1008 480 1058 et
511 993 649 1057 allumta
675 1009 710 1058 et
731 991 913 1078 compclite
935 993 998 1068 est,
1035 991 1094 1056 lub
1117 979 1225 1058 forma
1245 989 1315 1056 hac
1343 1014 1427 1090 quae
1457 1019 1458 1072 ι

297 1079 445 1146 lentibus
476 1073 648 1164 corporeia
680 1071 925 1148 succumbunt,
957 1075 1042 1140 licut
1068 1073 1106 1140 iu
1137 1077 1425 1162 praecedentibus
1457 1073 1458 1096 ¹

296 1159 393 1228 libris
425 1159 663 1236 tractavimur3
695 1181 800 1246 quum
834 1157 956 1224 merito
979 1155 1113 1246 peccati
1134 1157 1282 1224 naturali
1303 1179 1426 1257 corpo

241 1275 244 1293 ·
296 1243 344 1312 ria
365 1241 637 1330 substantialique
661 1241 873 1330 superaddita
896 1242 967 1317 eu,
990 1242 1155 1313 solvetur,
1178 1255 1214 1306 et
1232 1241 1273 1308 in
1295 1246 1424 1308 melma

295 1325 504 1406 mutabitur,
539 1325 577 1392 in
607 1324 781 1414 spiritum,
820 1325 1036 1413 stabilemque
1067 1323 1299 1401 substantiam,
1365 1349 1425 1392 uae

249 1467 253 1480 .
296 1409 407 1477 ueleit
432 1411 538 1476 fluere
569 1411 624 1474 vel
644 1413 755 1487 mori,
787 1407 1043 1476 resurrectionia
1064 1425 1217 1496 tempore
1236 1349 1424 1478 reveritur.

298 1491 473 1562 Saniffima
493 1514 641 1580 namque
664 1509 698 1558 et
720 1493 898 1558 catholica
919 1493 987 1558 fide
1002 1493 1197 1566 credimur,
1223 1491 1425 1560 divinorum

295 1577 467 1654 virorum,
502 1575 672 1664 Theologi
695 1575 858 1655 videlicet
879 1574 1035 1664 Gregorii
1058 1592 1093 1640 et
1112 1572 1274 1652 Maximi,
1313 1579 1361 1644 de
1383 1595 1425 1642 tt·

296 1661 388 1730 libua
419 1659 630 1726 inconcullaa
657 1657 806 1726 rationes
827 1657 1066 1734 reddentium,
1100 1661 1258 1746 dogmate
1277 1657 1426 1726 imbutit

298 1747 393 1834 quod
423 1743 581 1809 conditor
608 1745 778 1808 humanae
807 1759 949 1808 naturae
980 1757 1087 1808 totam
1120 1743 1216 1806 simul
1238 1765 1315 1808 eam
1339 1769 1425 1812 crea

297 1827 369 1904 vit,
402 1848 468 1892 nec
489 1825 636 1892 animam
654 1837 737 1890 'ante
760 1847 900 1912 corpua,
938 1847 1004 1890 nec
1025 1846 1148 1912 corpua
1171 1841 1249 1890 ante
1272 1823 1425 1896 animam

300 1907 467 1978 condidit.
509 1912 659 1996 Ideoque
690 1931 762 1976 non
784 1907 1060 1976 irrationabiliter
1080 1897 1255 1984 tenemus,
1290 1907 1334 1976 iu
1355 1913 1425 2000 ipu

296 1993 407 2082 prima
437 1991 639 2060 conditione
670 1993 817 2058 animam
847 1989 943 2058 limul
973 2007 1009 2057 et
1042 2013 1164 2090 corpua
1195 1995 1326 2080 absque
1354 1999 1422 2061 ulla

192 2081 198 2094 '
297 2075 592 2164 corruptibilitatia
615 2091 650 2140 et
672 2076 791 2142 mortis
813 2075 998 2163 capacitate
1017 2075 1215 2140 substride-
1232 2078 1314 2142 Nou
1332 2080 1423 2145 enim
1460 2073 1461 2128 i

298 2178 412 2235 tectae
432 2157 559 2226 rationi
581 2160 747 2226 convenit
766 2159 902 2247 putari,
925 2158 1137 2224 conditorem
1160 2175 1300 2226 naturae
1325 2164 1420 2228 timul

297 2245 423 2322 iactae,
445 2259 577 2330 partem
599 2247 671 2323 ejue
693 2243 918 2310 immortalem
941 2258 976 2306 et
995 2241 1313 2330 incorruptibilem,
1355 2247 1422 2312 ani·

207 2373 209 2380 ι
296 2351 388 2396 ιιιιιιι
410 2327 507 2404 dico,
529 2340 658 2412 partem
680 2330 858 2392 mortalem
879 2341 914 2390 et
932 2323 1208 2412 corruptibilem,
1227 2348 1358 2414 ,corpua
1374 2331 1422 2394 vi·

203 2467 208 2475 .
299 2410 440 2484 delicet,
462 2409 592 2474 creaffo.
621 2411 770 2497 Ideoque
787 2425 893 2474 totam
908 2425 1065 2474 natorum
1076 2409 1248 2486 hominio,
1272 2413 1422 2480 animam

299 2509 334 2561 et
354 2513 498 2580 corpus,
521 2491 746 2558 immortalem
772 2507 806 2556 et
826 2491 1119 2592 incorruptibilem
1142 2509 1288 2560 creatam
1309 2497 1420 2574 tuille,

296 2599 370 2644 uon
391 2575 602 2662 incongrue,
632 2589 672 2638 ut
694 2573 853 2650 arbitror,
893 2576 1112 2642 aellrmamue.
1154 2579 1242 2644 Nam
1263 2595 1300 2644 et
1322 2603 1423 2668 auge·

297 2661 350 2726 loa
378 2661 462 2724 talea
484 2673 632 2724 ereatoe·
652 2657 748 2723 inille
784 2658 951 2756 sapientes
974 2664 1123 2726 tradunt.
1165 2663 1237 2726 an
1254 2663 1422 2750 liquidem

296 2741 435 2844 spiritua
455 2741 692 2828 incorporeos,
718 2757 752 2806 et
772 2741 957 2829 spiritualia
978 2765 1138 2832 corpora,
1162 2744 1257 2810 omui
1281 2745 1422 2836 corrup·

277 2825 394 2894 'ncne
425 2825 577 2901 carentia
609 2823 807 2892 constitutos
830 2827 984 2892 effe-non
1008 2827 1185 2894 dubitant:
1216 2831 1421 2898 hominibus

295 2931 379 2977 vcro
408 2923 443 2974 et
470 2907 781 2997 praevaricantibua
812 2909 940 2998 angelio
970 2911 1253 2998 poenapeccati,
1285 2929 1423 2980 terrena

226 3037 229 3044 ·
268 3011 273 3020 ·
296 3008 333 3060 et
356 2991 591 3142 corruqtibilia
613 3014 753 3081 corpora
774 3015 936 3080 aereaque
955 2995 1168 3082 superaddita
1188 2995 1260 3072 effe,
1285 3013 1422 3066 terrena

320 3077 436 3146 uidem
484 3075 677 3144 ominibuat
708 3097 807 3142 aerea
828 3099 909 3142 vero
932 3079 1070 3166 angelis.
1114 3081 1181 3144 Sed
1203 3083 1297 3168 quod
1315 3083 1422 3148 nobit

294 3099 551 3261 inperadditu'm
581 3161 641 3238 est,
677 3183 781 3250 quum
813 3181 853 3225 ex
883 3165 1072 3230 redemtore
1094 3164 1204 3230 nolito
1227 3166 1421 3242 allumtum,

296 3265 357 3332 qur
378 3245 521 3332 seipsum
544 3241 753 3320 exinanivit,
777 3229 919 3310 formiam
940 3245 1026 3310 servi
1048 3247 1243 3334 accipient,
1266 3251 1422 3315 movebi-

295 3327 410 3394 turin
432 3327 606 3414 spiritum,
642 3341 677 3390 et
696 3327 733 3390 iu
756 3325 860 3475 ipsam
882 3327 1096 3394 substantiam
1117 3329 1274 3417 primitus
1297 3355 1316 3396 a
1340 3337 1419 3400 Deo

161 3481 165 3488 ,
206 3487 219 3494 ¹,
295 3427 459 3498 creatam,
480 3411 611 3495 quondo
632 3409 674 3474 at
691 3411 767 3476 orbe
789 3414 858 3480 itur
875 3431 962 3479 mors
983 3417 1017 3478 in
1035 3419 1233 3488 uictoriam,
1264 3432 1300 3480 et
1321 3431 1419 3482 totua

294 3496 420 3592 bomo,
454 3491 599 3560 exterior
618 3404 780 3592 vitielicet
801 3511 836 3560 et
855 3494 1016 3574 interior,
1051 3499 1211 3564 tenfibitie
1234 3515 1267 3562 et
1288 3497 1420 3566 intelll-

320 3576 408 3644 'btlia
430 3577 467 3647 iu
489 3599 596 3644 unum
618 3579 832 3644 adunabitur.
875 3579 912 3645 Si
935 3580 992 3646 cui
1014 3599 1127 3648 autem
1149 3581 1352 3648 incredibile
1367 3585 1421 3650 vi·

321 3675 410 3733 etur,
432 3683 556 3749 corpua
578 3662 716 3750 quidem
738 3677 909 3729 terrenum
929 3663 1053 3731 mutari
1074 3667 1165 3764 polle
1181 3665 1219 3730 in
1235 3665 1419 3753 spiritum

293 3743 410 3809 uideat
438 3749 610 3832 quomodo
640 3743 844 3812 ledfibilium
864 3744 975 3814 rerum
1021 3752 1175 3818 ualitatea
1197 3749 1235 3816 in
1256 3751 1375 3817 lemeti
1405 3791 1417 3806 ·

277 3827 344 3892 -lae
373 3843 659 3928 transmutantur,
687 3830 906 3898 manentibus
935 3771 1124 3900 lubiantiia
1145 3851 1287 3922 quarum
1308 3777 1420 3924 quoii·

249 3927 259 3940 ·
293 3925 380 3976 teter
412 3912 507 3978 lunt:
541 3917 658 3978 rideat
678 3917 850 4002 quomodo
871 3917 1028 4004 aquatilia
1049 3917 1192 4006 qualitaa
1213 3918 1251 3986 iu
1273 3919 1414 4006 igneam

292 3991 1028 4154 'tibqt⁸3t0m311tlttqttt⁰f¹⁰2
1039 4005 1418 4154 ”¹¹¹'⁰·⁸„‘¹⁰2³⁶¹ii⁰i'

855 4107 873 4150 r
908 4107 1011 4154 orun
1028 4103 1093 4150 ur·
1127 4109 1140 4152 ι
1196 4107 1220 4150 ιι
1256 4109 1295 4152 ιιι
1398 4111 1416 4154 e

292 4097 596 4234 imitatuturum
622 4105 812 4236 iemmeate
843 4167 960 4258 rideat
988 4133 1162 4259 quouiodo
1195 4185 1230 4237 et
1259 4169 1332 4260 iple
1353 4182 1412 4238 aer

1040 4387 1057 4430 X
