2952 4824
480 265 589 338 wer
608 265 760 340 Pruna.
839 321 841 330 .
1122 265 1173 340 71

73 465 119 516 ter
135 450 293 516 dium
308 449 402 516 nobis
423 473 527 536 repre
554 473 586 516 a.
621 453 756 518 Etenim
764 445 822 542 fio
842 442 918 538 ipsa
932 451 976 516 de
984 445 1173 548 semetipsa

74 539 104 598 in
122 535 253 619 eloquiis
271 539 398 616 optima
417 538 513 601 tradi
537 540 577 600 it.
618 538 703 624 Ejus
721 535 853 620 quidem
873 535 983 619 quatis
1002 533 1051 626 eli
1059 531 1171 628 scien·

72 623 132 692 tia,
152 633 186 682 at
205 621 443 702 contemplatio
463 621 612 686 omnibus
631 643 715 706 qztoe
725 619 812 712 szutt
831 621 925 684 invia
938 615 1003 712 est,
1026 621 1173 690 omnibus

73 716 215 800 tunquam
246 697 462 796 essentialiter
471 699 649 800 separata.
693 707 787 769 Haeo
807 705 849 768 de
869 703 1038 801 sequenda
1058 721 1173 770 auoto-

71 800 156 882 ntrte
183 785 395 853 solummodo
431 789 573 855 Sanctae
607 787 800 876 scripturae
820 787 858 852 in
880 785 1006 853 divinia
1027 785 1172 854 maxime

72 870 344 970 disputationibus
366 870 547 970 suffioiunt.
634 952 642 970 ο
754 952 762 968 .
919 903 923 916 ·

70 951 1004 1136 ,llnlttltssltttlgtttltllsllsstl'zlf‘ll
1023 953 1171 1182 sfllsst‘t
1251 1049 1256 1072 ,

69 1119 444 1270 ltnletlltfi‘ltt:
476 1145 587 1272 lltl
615 1121 1171 1271 ltssttsslntltttlffmt}

69 1225 522 1436 oteliueqnefoiendofigciltur,
545 1227 641 1368 cujgtia
662 1225 866 1386 igriloranttgti¹
874 1309 956 1432 vega
977 1286 1021 1352 est
1041 1225 1171 1432 fipiirg·

72 1383 214 1550 tntu
238 1391 620 1546 utentesque
662 1387 991 1542 testatur,
1001 1391 1102 1458 9
1112 1391 1171 1518 t:

70 1535 182 1681 εἰη..
209 1537 291 1634 Non
322 1554 435 1636 autem
466 1561 567 1604 omne
598 1541 827 1635 quodcunque
853 1537 1069 1635 firmaverat,
1089 1555 1171 1602 vere

133 1619 209 1684 abta.
254 1621 433 1707 Stqutdem
462 1624 486 1688 fi
514 1625 753 1712 approbaverit
784 1624 851 1685 boc
877 1621 932 1684 vel
962 1622 1029 1685 hoo
1057 1619 1170 1706 apium

71 1700 137 1774 elle,
161 1701 311 1768 lallitatia
331 1706 560 1792 redargueris,
584 1703 663 1794 quia
685 1702 841 1770 omnium
855 1725 948 1850 1guae
969 1703 1062 1778 lunt,
1083 1707 1195 1790 quae‘

71 1781 296 1880 dicipulum,
333 1803 369 1852 et
389 1785 556 1878 intelligi,
581 1787 668 1854 nihil
692 1791 815 1853 horum
837 1809 854 1852 e
882 1833 890 1851 .
935 1786 1072 1852 sivero
1094 1806 1171 1870 pro·

70 1867 259 1932 nunuavm'a
284 1890 350 1933 nec
370 1873 456 1945 hoc,
478 1894 543 1936 neo
564 1871 665 1946 illud,
687 1893 753 1936 neo
774 1872 883 1935 ullum
903 1870 962 1935 ille
983 1870 1044 1945 est,
1068 1889 1171 1934 verax
1235 1871 1249 1898 ⁵

72 1949 123 2012 elle
139 1948 327 2026 videberis,
350 1949 430 2038 quia
452 1953 539 2018 nihil
559 1957 683 2020 horum
703 1947 906 2040 quaesunt,
936 1969 970 2018 et
990 1973 1076 2040 quae
1096 1974 1171 2018 non
1255 1982 1262 2015 ε

72 2031 148 2108 lunt,
171 2033 229 2110 ell3
254 2035 302 2098 ad
323 2055 423 2132 quem
444 2057 546 2102 nemo
568 2036 675 2122 potest
695 2034 875 2112 accedere,
898 2035 961 2100 nifi
980 2035 1075 2122 priua
1099 2057 1171 2102 cor·
1214 2053 1220 2065 “

72 2117 208 2182 roborato
227 2133 358 2182 rnentta
379 2116 502 2184 itinere
524 2119 636 2184 lenluo
658 2139 775 2186 omnes
796 2119 941 2194 delerat,
965 2133 1000 2182 et
1019 2117 1192 2198 intellec-¹

72 2199 160 2264 toalea
193 2198 430 2287 operationee,
468 2217 503 2266 et
524 2199 710 2275 sensibilia,
743 2215 778 2264 et
800 2222 902 2264 omne
945 2202 1017 2264 uod
1038 2201 1102 2276 ell,
1135 2213 1171 2264 et

72 2285 149 2426 guod
174 2305 243 2348 non
272 2282 335 2346 ella
366 2297 400 2348 et
421 2284 463 2348 ad
484 2282 651 2348 unitatem
672 2298 712 2346 ut
733 2279 886 2369 poffibile
909 2222 953 2346 ei
974 2281 1100 2347 inscius
1120 2303 1171 2346 re·

94 2364 204 2432 'natur
225 2366 350 2454 ipfiue,
373 2365 432 2452 qui
457 2367 502 2432 est
521 2367 620 2465 loger
640 2387 777 2432 omnem
799 2364 970 2430 ellentiaru
992 2380 1026 2430 et
1045 2363 1171 2430 intelli-

72 2447 218 2531 gentiam:
263 2454 360 2530 cujue
381 2471 494 2536 neque
514 2467 600 2514 tatto
622 2449 684 2526 est,
713 2463 825 2536 neque
845 2447 1091 2536 intelligentia,
1113 2468 1172 2513 ne·

73 2551 126 2614 que
153 2531 295 2608 dieitur,
326 2554 437 2620 neque
463 2531 684 2619 intelligitur,
719 2554 764 2596 ne
788 2553 832 2596 ue
859 2553 986 2597 nomen
1015 2535 1086 2611 eiue
1114 2531 1168 2606 est,

73 2635 165 2700 neque
182 2619 338 2680 verbum.
385 2617 462 2681 Non
485 2631 597 2680 autem
618 2614 780 2680 irratione
804 2613 911 2688 iliter,
941 2630 982 2678 ut
1003 2614 1100 2700 saepe
1122 2611 1171 2678 di·

73 2693 184 2774 timue,
205 2699 324 2764 omnia
346 2721 432 2784 quae
454 2721 473 2762 a
494 2699 623 2764 summo
645 2717 754 2786 utque
776 2697 931 2762 deorsum
946 2697 1044 2772 lunt,
1062 2699 1111 2760 tle
1127 2716 1169 2760 eo

75 2779 131 2844 dioi
149 2783 284 2867 poliunt
304 2784 449 2870 quadam
469 2781 707 2856 fimilitudine,
730 2796 790 2844 aut
811 2777 1089 2854 diffimilitudine,
1113 2793 1171 2842 aut

72 2864 309 2940 contrarietate,
333 2881 392 2930 aut
412 2864 645 2951 oppofitione3
669 2886 776 2951 quum
797 2865 837 2928 ab
857 2861 930 2948 ipso
945 2861 1060 2926 omnia
1081 2859 1171 2924 liunt

90 2968 143 3010 nae
170 2952 210 3014 de
243 2967 288 3014 eo
317 2947 503 3034 praedicari
531 2947 676 3034 poliunt.
718 2948 796 3010 Non
830 2961 943 3008 autem
971 2943 1089 3009 fimilia
1110 2941 1170 3008 fibi

85 3030 267 3098 olumtnodo
298 3029 475 3105 condidit,
509 3031 566 3096 led
596 3045 631 3094 et
655 3033 721 3109 jam
752 3026 946 3102 diffimiliao
972 3047 1078 3112 quum
1099 3027 1171 3112 ipse

74 3111 169 3178 finilia
197 3116 241 3178 est
276 3130 310 3178 et
338 3112 513 3180 diffimilie.
556 3111 811 3180 Contrariorum
839 3130 975 3198 quoque
996 3109 1093 3174 caula
1114 3109 1169 3184 eli,
1244 3163 1249 3170 .

73 3194 182 3264 virtute
211 3197 378 3285 fiquidem
412 3219 530 3262 eorum
561 3218 647 3283 quae
677 3215 757 3258 vere
786 3195 826 3258 ab
856 3215 897 3257 eo
919 3191 1059 3258 condita
1080 3191 1169 3266 lunt,

75 3277 161 3344 etiam
187 3303 275 3368 quae
297 3279 464 3352 contraria
482 3281 644 3347 videntur
666 3279 750 3354 elle,
786 3293 820 3342 et
839 3274 1048 3362 privationes
1070 3276 1170 3340 ellen-

75 3359 129 3424 tiae
154 3387 222 3430 non
255 3365 356 3438 lunt,
388 3363 475 3428 ratio
505 3385 584 3428 vera
615 3359 784 3428 contineri
813 3362 987 3447 approbat.
1029 3359 1188 3424 Nullum*

75 3444 152 3510 enim
171 3449 297 3512 vitium
317 3443 508 3522 invenitur,
531 3449 623 3534 quod
645 3467 715 3509 non
740 3443 932 3523 fitalicujue
948 3440 1084 3506 virtutis
1096 3463 1169 3506 um·

74 3529 144 3614 bra;¹
168 3547 226 3596 aut
254 3535 398 3618 quadam
421 3529 531 3596 fallaci
552 3527 790 3601 similitudine,
826 3541 886 3590 aut
906 3541 1019 3611 aperta
1040 3539 1171 3590 contra·

74 3609 185 3680 rietate.
228 3612 462 3680 similitudine
484 3611 642 3700 quidem,
665 3628 704 3676 ut
716 3609 870 3696 superbia
883 3630 982 3673 verae
1021 3605 1171 3672 otentiae

75 3697 209 3762 umbram
230 3695 335 3784 geritt
362 3697 513 3772 luxuria,
545 3693 690 3783 quietia3
724 3695 834 3770 furor,
860 3690 981 3758 fortitu
1009 3689 1093 3768 'niu
1121 3689 1172 3754 ira

76 3781 298 3855 correctionis,
329 3797 363 3846 at
386 3803 429 3846 ue
452 3779 579 3846 similia.
623 3775 870 3844 contrarietate
889 3796 989 3852 vero,
1018 3789 1059 3838 ut
1077 3771 1172 3870 mali-

78 3856 134 3934 ῐὶὃ,
152 3861 322 3930 bonitatis.
364 3803 665 3964 Quemadmodum
687 3860 779 3927 enim
798 3857 932 3926 bonitas
954 3881 994 3924 ex
1009 3877 1082 3923 non
1104 3877 1172 3922 ext·

80 3942 224 4014 tenutas
246 3949 418 4014 existentia
440 3947 553 4024 ducit,
574 3961 615 4011 ut
633 3947 714 4011 finta
735 3945 784 4010 ita
804 3941 934 4010 malitia
952 3940 1084 4028 appetit
1101 3959 1173 4006 cor·

78 4047 219 4118 rumpere
248 4032 363 4102 omnia
414 4053 478 4100 uae
507 4031 602 4110 lunt,
636 4045 672 4094 et
701 4027 839 4117 penitus
861 4027 1006 4102 lolvere,
1037 4039 1171 4090 utnon

79 4109 144 4174 tint.
181 4117 357 4184 Etfihoc
421 4131 474 4193 et,
502 4115 540 4182 id
561 4115 623 4192 est,
652 4113 812 4180 liomnia
832 4109 1000 4200 perirent,
1022 4109 1117 4174 fimul
1139 4119 1174 4168 et

81 4191 143 4280 ili·
159 4197 293 4286 periret.
314 4201 423 4288 ,Nam
442 4201 466 4266 [ι
485 4197 611 4287 periret
629 4211 770 4278 natura,
799 4193 933 4284 perillet
951 4193 1047 4262 simul
1068 4203 1104 4256 et
1122 4187 1172 4253 vi·
1251 4193 1254 4198 '
