2866 4822
181 364 185 376 Ι
228 321 241 334 ·
299 275 382 350 488
631 273 1083 346 cinnomannorum.
1136 313 1141 330 ι

300 483 389 536 rum,
418 463 452 524 in
480 463 557 528 vita
581 461 757 540 videlicet,
788 463 868 546 quio
890 473 925 524 et
944 479 1006 544 per
1015 451 1166 552 seipsam
1186 461 1268 523 usto
1290 455 1347 553 est
1370 457 1415 523 dr·-

300 549 382 612 vina
400 549 492 622 vira,
512 547 631 609 vitalis
652 559 685 609 et
704 539 949 638 [ubstantialis.
974 555 1007 608 et
1028 547 1131 608 omnis
1150 545 1242 614 vita.
1267 557 1305 608 et
1325 545 1414 608 vita·

300 633 345 696 tis
373 641 480 694 motus
509 645 552 692 ea
578 631 654 694 vita
682 627 772 732 ipsa,
805 651 888 714 qztoa
914 627 962 718 ess
973 623 1080 720 snper
1099 649 1223 692 omnem
1242 629 1364 691 vitam
1387 641 1416 690 et

300 737 393 781 omne
419 713 619 796 principiam
648 725 752 778 totius
778 715 893 778 vitas.-
921 737 963 776 ex
986 709 1061 806 ipsa
1084 724 1118 774 et
1140 715 1273 774 animae
1293 711 1417 774 haberit

302 796 524 880 imperdibile,
553 809 588 860 et
612 799 772 862 animalia
803 799 912 862 omnia
940 809 975 860 et
993 799 1141 879 germina
1152 794 1346 888 secundam
1368 819 1414 860 ne

301 877 461 976 ratffinmm
483 873 727 982 consonantiam
748 883 877 944 animae
895 881 1018 942 habent
1037 883 1159 942 vivere.
1193 881 1273 979 Qua
1284 881 1413 950 ablata

232 999 243 1018 κ
300 979 371 1030 tam
388 965 534 1048 generals
553 963 712 1030 videlicet
730 969 806 1028 vita
825 963 1068 1054 qrsamjbeciali
1084 959 1412 1053 essmgularnjwa

303 1049 460 1134 eloquium
475 1047 591 1138 deficit
605 1049 852 1120 vitaomm'sad
861 1063 993 1121 terram,
1003 1047 1087 1110 etde
1113 1049 1297 1112 cientiaad
1306 1051 1412 1130 parti·

301 1133 479 1216 cipandum
492 1155 561 1196 com
571 1131 807 1222 infirmitatem,
824 1135 1064 1198 iterumconver
1079 1154 1111 1206 a,
1122 1133 1240 1194 iterum
1248 1133 1411 1196 mamati·

293 1215 397 1304 fiunt.
438 1219 477 1280 ln
509 1213 631 1314 quibua
659 1216 769 1280 verbis
798 1214 939 1302 praefati
967 1205 1063 1280 Theo
1079 1213 1135 1302 ogi
1157 1235 1226 1280 non
1247 1217 1413 1279 resurrec-

303 1299 432 1366 tionem
465 1297 662 1363 animalium
693 1297 995 1376 irrationabilium,
1031 1300 1087 1362 seu
1108 1321 1217 1362 rerum
1239 1298 1349 1363 sensu
1370 1321 1410 1363 cr·

300 1380 450 1448 rentium
470 1381 740 1448 restaurationem
762 1382 797 1447 in
820 1381 971 1469 prislinas
993 1381 1118 1468 species
1158 1381 1353 1448 uentitates
1378 1403 1411 1446 nc

302 1463 426 1564 quibus
446 1468 593 1530 mundus
614 1464 672 1530 illc
693 1467 738 1530 irn
764 1467 871 1541 letur,
906 1466 1052 1530 suturam
1075 1403 1323 1550 intilligimus;
1355 1407 1411 1528 led

303 1571 341 1613 sn
374 1549 486 1614 causas
515 1549 587 1612 suas
617 1571 657 1614 ex
689 1489 810 1636 quilius
842 1551 1033 1636 procedunt
1055 1563 1088 1612 et
1109 1545 1144 1610 in
1168 1547 1295 1634 quibus
1320 1550 1409 1613 subo

302 1631 392 1696 siunt
412 1629 558 1696 reditum
580 1632 642 1694 esse
663 1632 826 1696 futurum.
869 1633 947 1696 Non
973 1631 1062 1696 enim
1085 1629 1169 1694 dixit
1190 1631 1351 1695 divinam
1371 1633 1408 1693 ri·

302 1731 371 1780 tam
394 1713 563 1800 angelicae
584 1713 793 1780 solummodo
816 1730 853 1778 et
870 1717 1055 1786 humanae,
1087 1715 1154 1777 boc
1176 1713 1235 1788 est,
1260 1713 1410 1778 intellec·

304 1795 403 1862 tualis
431 1812 464 1859 et
491 1796 664 1862 rationalis
694 1799 783 1862 vitae
814 1797 944 1862 causam
975 1799 1054 1872 esse,
1090 1797 1145 1860 sed
1175 1795 1410 1862 universaliter

198 1933 200 1941 .
304 1877 414 1946 omnis
436 1877 537 1944 vitae.
581 1880 701 1946 Omnis
723 1896 835 1946 autem
856 1879 925 1943 vita
948 1878 1196 1944 autrationalis
1221 1880 1285 1952 est.
1315 1897 1360 1944 ut
1379 1881 1409 1942 ia

302 1959 529 2050 superioribus
549 1959 643 2028 libris
665 1965 800 2050 copiose
823 1961 1090 2048 disputavimus,
1113 1979 1171 2025 aut
1192 1961 1409 2036 irrationalis,

191 2073 194 2082 ’
303 2061 362 2112 aut
388 2044 552 2110 nutritiva
580 2067 759 2136 corporum
788 2063 822 2110 et
851 2047 978 2128 activa3
1006 2049 1072 2110 hoc
1101 2045 1144 2110 esl
1168 2061 1226 2108 aut
1246 2049 1408 2133 angelica.

303 2145 362 2196 aut
383 2131 548 2202 humana,
571 2145 629 2194 snt
651 2129 822 2203 animatis,
846 2145 904 2194 aut
925 2129 1019 2192 sensu
1042 2127 1251 2195 carentium:
1277 2148 1319 2192 ut
1341 2133 1409 2194 sunt

301 2213 395 2300 ligna
424 2229 458 2276 et
484 2213 624 2288 herbae,
656 2231 832 2300 ceteraque
862 2211 977 2276 similia
1007 2213 1041 2276 iu
1073 2211 1194 2298 quibus
1225 2211 1346 2276 vitalis
1369 2213 1408 2276 so

301 2297 477 2362 lummodo
508 2311 621 2360 motus
651 2291 816 2383 ope'ratur.
859 2299 906 2360 Ac
936 2299 1083 2382 per'hoc
1103 2317 1172 2358 non
1196 2297 1238 2358 dc
1262 2297 1335 2360 sola
1358 2301 1408 2359 bu·

302 2401 402 2444 mana
432 2377 519 2451 vita,
551 2375 608 2442 sed
639 2381 680 2444 dc
711 2377 868 2444 omnibus
924 2377 1079 2442 raedictis
1102 2377 1192 2441 vitae
1214 2377 1406 2464 speciebus;

302 2475 368 2525 n'ec
389 2461 431 2524 de
453 2459 650 2546 corporibus
670 2463 880 2526 solummodo
899 2402 1080 2534 lrumanis.
1105 2459 1159 2524 sed
1185 2463 1227 2524 de
1250 2465 1406 2526 omnibns

304 2565 390 2630 quac
410 2541 545 2627 spiritus
557 2544 647 2609 vitae
662 2559 807 2630 vegetat,
831 2542 984 2608 divinum
1001 2542 1201 2630 pronuntiat
1218 2545 1406 2632 eloquium:

302 2621 617 2716 Auferesspiritum
639 2651 765 2701 eornm,
788 2639 821 2690 et
842 2625 997 2718 deficient
1019 2641 1053 2690 ec
1075 2631 1108 2690 in
1128 2627 1299 2710 pulverem
1313 2626 1406 2722 sura

302 2724 516 2774 revertentur.
560 2711 661 2776 Nulla
685 2710 776 2776 enim
798 2709 867 2774 vito
882 2713 939 2774 seu
958 2709 1146 2790 rationalis,
1171 2711 1227 2774 seu
1241 2713 1405 2784 animalis,

303 2793 361 2858 seu
384 2791 547 2858 nutritiva
570 2791 646 2869 diu,
681 2810 785 2858 utne
810 2791 918 2858 dicam
940 2793 1005 2857 sem
1034 2815 1084 2867 er,
1115 2795 1362 2880 ,corruptibilia
1381 2809 1406 2857 et

302 2877 457 2942 mortalia
479 2881 617 2964 corpora
639 2875 810 2942 vivificare
830 2893 862 2940 et
880 2819 1104 2941 adminilrare
1118 2878 1240 2963 potcst;
1263 2879 1406 2965 ideoque
1430 2935 1431 2945 ,

303 2959 444 3037 deserit,
468 2983 572 3048 eaque
595 2961 765 3026 deserente
788 2961 947 3024 deficient
968 2981 1108 3057 corpora
1130 2961 1217 3038 etin
1258 2963 1405 3027 ulverern

299 3043 398 3110 snum
417 3059 638 3110 revertentur.
679 3048 723 3107 Et
744 3048 809 3108 hoc
831 3043 874 3106 ell
895 3047 987 3129 quod
1007 3060 1073 3108 art:
1102 3046 1150 3110 Et
1170 2983 1352 3138 depiletur,
1374 3045 1404 3108 id

302 3127 347 3191 est
374 3128 531 3192 animalia
552 3143 586 3192 et
607 3127 757 3214 gramina
779 3129 821 3192 ad
843 3125 1113 3223 participandum
1136 3149 1208 3192 eam
1229 3127 1405 3194 infirmita·

300 3225 388 3297 [ειυς
416 3232 488 3278 non
511 3209 603 3275 enim
626 3211 755 3298 semper
775 3208 975 3296 participare
997 3209 1101 3276 vitam
1122 3212 1276 3297 possunt,
1308 3235 1405 3299 prop·

301 3309 354 3360 ter
383 3293 655 3379 corruptibilium
676 3309 952 3382 terrenorumque
975 3313 1152 3379 corporum
1175 3294 1406 3360 infirmitatem

302 3393 338 3442 et
358 3377 583 3465 fragilitatem.
626 3377 794 3442 Naturalis
816 3392 928 3442 autem
950 3375 1102 3462 operatio
1122 3376 1212 3440 vitae
1234 3375 1272 3442 in
1290 3401 1406 3466 corpo·
1429 3459 1430 3462 Ἴ

301 3460 396 3524 ribus
427 3462 494 3524 srve
522 3481 560 3523 ea
588 3463 736 3547 regendo
765 3461 832 3524 srve
869 3459 1050 3524 deserendo
1073 3463 1113 3524 ad
1133 3476 1321 3527 creatorem
1344 3485 1430 3528 orn·¹

301 3541 399 3608 nium
425 3546 585 3618 resertur;
615 3559 792 3630 propterea
822 3541 924 3617 dicit3
962 3539 1093 3631 auferes
1109 3541 1267 3635 spiritam
1289 3569 1407 3622 corun.

300 3645 372 3692 non
395 3629 487 3713 quod
506 3631 599 3692 Deus
622 3627 751 3691 auferat
766 3625 919 3726 spiritum
931 3625 1033 3690 ullius
1049 3626 1217 3716 corporis,
1243 3629 1301 3693 sed
1317 3633 1405 3716 qnod

201 3779 211 3792 ,
301 3709 427 3776 desinat
449 3709 581 3798 spiritus
603 3708 878 3798 corruptibllib‘us
899 3709 1095 3794 corporibus
1117 3725 1274 3796 gravatus
1296 3715 1341 3778 ab
1363 3713 1404 3778 eis

302 3791 462 3858 deficiens
485 3797 526 3860 ad
561 3799 714 3880 tempus,
744 3793 781 3858 in
816 3794 958 3858 eandem
984 3791 1343 3880 incorruptibilitatem
1377 3811 1406 3860 ct

298 3875 317 3940 s
338 3873 567 3942 iritualitatem
595 3875 756 3942 converso
784 3875 907 3940 iterum
927 3876 1071 3941 naturali
1096 3893 1193 3942 motu
1213 3879 1401 3944 reversuris

301 3899 403 4045 &uod
433 3962 524 4025 enirn
554 3957 601 4026 eis
630 3959 851 4046 congenitum
884 3959 928 4022 ett
957 3959 994 4024 in
1023 3965 1115 4026 hunc
1143 3964 1314 4028 mundum
1337 3985 1402 4028 non
1428 4019 1429 4026 ,

298 4043 434 4130 possunt
454 4045 582 4130 semper
604 4043 770 4122 deserere,
792 4043 849 4108 sed
869 4045 1072 4130 quandoque
1093 4042 1191 4108 sinito
1209 4049 1343 4112 mundo
1360 4069 1403 4111 re
1428 4057 1429 4064 ’

297 4123 445 4214 cipient‚
477 4131 556 4194 dum
585 4126 620 4190 in
653 4127 756 4192 caulis
776 4127 869 4215 quod
889 4125 975 4226 tegit
996 4133 1030 4189 'ct
1050 4129 1142 4216 quod
1164 4125 1309 4214 tegitur,
1347 4129 1404 4197 mi·

297 4211 393 4276 rabili
425 4214 568 4297 quadam
596 4208 771 4278 harmonia
796 4231 905 4275 unum
930 4209 1149 4296 inseparabile
1172 4211 1333 4282 futurum
1356 4215 1400 4280 lit
