3036 4862
176 183 392 317 v'eata
521 330 523 340 Ι
649 214 1145 318 eremannos

267 462 276 475 ι
314 449 400 519 quae
428 427 605 496 herbarum
632 428 908 517 surculorumque
928 429 1073 495 cliverlaa
1093 427 1218 517 speclea
1240 443 1275 494 et
1294 429 1427 519 nutrit,

138 531 142 539 ’
249 551 251 555 -
314 525 350 578 et
369 526 487 600 auget,
509 529 545 577 et
563 509 732 587 vivificat,
748 512 841 578 rnna
860 529 972 612 partae
993 517 1159 579 humanae
1176 525 1315 578 naturae
1335 533 1430 577 con-

312 609 518 666 numeratur.
559 597 604 658 llt
653 594 791 660 uoniam
817 619 925 683 prima
952 597 1008 662 dic
1025 595 1074 664 in
1104 594 1303 661 conditione
1330 596 1430 660 lucia

311 676 517 776 principalia·
531 701 606 776 para
629 617 783 745 imminit
813 702 854 744 ac
873 678 1100 749 sublimiffima
1119 681 1195 755 lua,
1224 677 1431 744 intellectua

311 762 379 828 via.
401 777 436 826 et
455 775 557 836 retro,
579 784 615 826 rn
637 763 806 827 consortio
828 763 998 850 angelicae
1018 779 1158 850 naturae
1172 761 1347 827 contituta
1362 763 1427 836 est.

311 847 477 912 fecundae
505 844 590 910 lucia
611 844 721 920 illiue,
743 849 810 916 hoc
832 848 876 912 eli
897 847 1069 912 exterioris
1091 846 1220 920 lenlua,
1242 847 1287 909 ad
1307 844 1426 908 vitibi·

48 937 57 952 *
117 991 121 998 ,
243 967 252 978 1
310 929 396 994 lium
416 949 527 992 rerum
547 927 756 1026 recipiendae
778 929 900 996 format
920 947 957 994 et
980 930 1105 1078 species
1128 945 1161 993 et
1181 927 1357 1014 qualitatea
1383 943 1425 992 at

312 1010 515 1100 quantitates
547 1011 645 1086 facti,
673 1027 790 1160 puarta
820 1013 875 1078 die
904 1035 989 1102 prop
1016 1013 1122 1078 eticae
1150 1010 1299 1076 theoriae
1332 1013 1424 1075 ordo

310 1093 555 1160 rationabiliter
580 1094 669 1159 intro
696 1095 770 1160 uait
794 1096 1038 1162 conditionem.
1087 1093 1241 1160 Exterior
1270 1113 1424 1180 namque

310 1179 423 1244 senlut
454 1177 654 1243 exteriorum
683 1201 795 1243 rorum
822 1180 1073 1253 internuntiae,
1109 1176 1259 1264 quamvis
1280 1175 1424 1264 proprie

313 1277 347 1326 et
368 1261 564 1326 naturaliter
584 1265 627 1326 ad
647 1261 792 1328 animam
811 1265 1001 1350 pertineat,
1024 1261 1157 1348 corpori
1180 1277 1291 1324 temen
1314 1262 1425 1346 ‹lepu-

313 1359 421 1418 tatur,
474 1344 612 1410 uoniam
634 1365 695 1430 per
716 1367 756 1410 co
799 1347 866 1412 orie
886 1346 1103 1411 instrumenta
1123 1343 1193 1412 vim
1214 1345 1306 1406 suam
1327 1363 1422 1406 erer-

311 1443 376 1493 cet.
417 1367 538 1492 Prilcre
565 1427 679 1514 itaque
708 1429 763 1494 fen
781 1452 819 1494 ue
848 1430 939 1494 illiue
968 1429 1026 1516 qui
1055 1425 1188 1514 corpori
1210 1447 1251 1490 ert
1271 1441 1421 1511 quatuor
1455 1477 1458 1482 .

311 1509 431 1577 mundi
446 1511 620 1579 elementia
635 1513 817 1599 compofito
838 1512 1052 1588 attribuitur,
1075 1509 1421 1594 conditionemouar·

311 1611 347 1660 to
379 1596 457 1658 loco
486 1593 695 1659 conditionia
725 1617 836 1659 rerum
855 1595 1055 1683 prophetica
1076 1592 1204 1658 theoria
1226 1590 1420 1674 constituit3

310 1675 471 1764 quoniam
499 1697 579 1740 reto
606 1677 707 1762 ipsrue
733 1679 844 1742 senior
871 1678 993 1775 triplex
1020 1680 1141 1742 modua
1172 1675 1233 1752 att,
1271 1695 1418 1760 quorum

332 1759 439 1824 rimua
465 1757 524 1846 qui
553 1759 621 1824 fine
641 1762 709 1824 ulla
731 1761 849 1826 erroria
872 1759 1044 1826 oocafione
1065 1757 1190 1846 speclea
1210 1780 1323 1823 rerum
1345 1759 1418 1822 len·

308 1783 454 1908 ibitiam
480 1840 594 1906 animo
625 1843 868 1920 internuntiat,
902 1861 970 1909 tam
1022 1845 1165 1908 raeclare
1193 1857 1233 1905 ut
1255 1838 1418 1926 facillime

310 1945 350 1997 ao
378 1926 446 1990 fine
474 1925 545 1994 ullo
567 1927 680 1990 labore
702 1926 786 2014 ipfae
809 1927 934 2014 speciae
955 1867 1056 2008 juiex
1077 1925 1209 1990 animur
1228 1922 1419 2022 planillime

310 2007 406 2074 omni
434 2007 580 2094 ealigine
609 2025 738 2075 remota
760 2010 945 2096 diacernat3
977 2009 1036 2110 qui
1068 2003 1192 2074 mtidua
1210 2005 1348 2072 rrfionia
1367 2009 1421 2069 lu·

309 2091 438 2157 minare
457 2096 605 2170 majuaa
632 2093 791 2178 pellatur3
820 2093 892 2180 ipse
911 2095 1073 2180 liquidem
1094 2092 1244 2157 animum
1265 2107 1336 2154 non
1359 2090 1421 2152 fal·

308 2175 366 2250 lit,
398 2173 437 2240 a'c
464 2173 572 2238 veluti
593 2115 785 2240 ciariffimua
808 2177 864 2241 Sol
886 2197 1002 2240 ornnea
1024 2173 1190 2238 lensrbilea
1213 2173 1228 2235 s
1251 2171 1340 2238 eciea
1362 2175 1420 2236 de·

307 2273 323 2322 t
368 2258 410 2332 't,
431 2256 623 2342 rationique
642 2257 814 2344 patefacit.
856 2260 1032 2324 Secundae
1054 2278 1135 2320 vero
1156 2277 1212 2319 mo
1239 2278 1276 2320 ua
1299 2255 1416 2340 estqui

307 2363 349 2406 ve
363 2341 414 2404 uti
441 2339 606 2403 luminare
634 2341 748 2404 minua
782 2339 907 2405 dicitur
928 2341 1002 2416 ille,
1032 2361 1093 2424 per
1114 2361 1213 2428 quem
1234 2337 1419 2484 saepilfimc

308 2422 440 2488 animur
461 2421 606 2497 fallitur,
628 2423 734 2486 veluti
756 2423 792 2486 in
806 2421 982 2487 nocturnis
997 2423 1196 2510 quibusdam
1211 2423 1290 2486 luco
1313 2421 1417 2485 ratio·

307 2505 416 2570 uibua·
437 2503 614 2590 ambiguus
643 2521 745 2590 atque
767 2509 991 2580 errabundue;
1027 2521 1157 2572 utnon
1179 2504 1277 2569 facile
1299 2507 1341 2568 de
1360 2505 1415 2570 hia

307 2587 393 2676 quae
413 2609 475 2674 per
495 2587 624 2650 lenium
646 2587 767 2673 recipit
787 2604 916 2653 rectum
936 2589 1100 2668 judicium
1122 2589 1271 2674 proferre
1291 2586 1412 2673 pollit;

307 2669 503 2752 huiuamodi
538 2673 688 2756 exempla
724 2671 802 2754 sunt
838 2693 951 2736 remur
978 2671 1015 2738 in
1043 2693 1126 2758 aqua
1145 2672 1246 2757 ‘quafi
1276 2671 1413 2745 fractae,

308 2755 419 2820 aversa
444 2752 548 2817 faciet
577 2753 614 2817 in
639 2753 788 2839 speculo,
825 2771 938 2820 motus
960 2754 1121 2826 turrium,
1157 2755 1269 2841 imago
1281 2753 1415 2819 ‹vocom

229 2877 239 2902 a
308 2858 396 2925 quae
425 2837 599 2902 aGraeria
622 2831 700 2935 {mio
723 2853 885 2913 vocatur,
918 2853 954 2902 et
973 2838 1068 2902 mille
1087 2837 1213 2923 speciae
1235 2837 1415 2900 fellitatum

307 2919 465 2986 omnibue
487 2919 658 3006 corporeis
676 2921 821 2984 sentibua
834 2922 1029 2998 naturaliter
1041 2921 1306 2996 adhaerentiam,
1331 2941 1416 3006 quae

307 3003 495 3071 diacernere
518 3025 556 3068 ex
576 3026 655 3067 vara
677 3003 786 3102 specie
805 3005 1013 3070 rationabilia
1036 3005 1167 3068 atrimae
1188 2993 1352 3082 judicium
1366 3004 1415 3065 la·

180 3103 184 3125 ’
304 3087 575 3153 boriosrffimeet
594 3085 797 3154 solertrffime
819 3089 932 3162 ludam
955 3093 1037 3152 haec
1059 3087 1151 3150 enim
1163 3107 1236 3150 non
1250 3085 1288 3149 in
1300 3107 1414 3150 rerum

305 3183 443 3245 natura,
466 3171 523 3233 led
543 3171 579 3233 in
605 3171 747 3234 lentibus
770 3169 974 3244 formantur,
1004 3187 1042 3233 ac
1065 3171 1160 3255 saepe
1182 3169 1333 3234 animum
1355 3171 1415 3231 fal·

305 3256 398 3332 lunt,
422 3267 457 3317 et
476 3252 513 3314 in
536 3275 678 3317 errorem
700 3253 863 3327 mittunt,
888 3269 922 3316 et
943 3255 1020 3316 falla
1042 3275 1120 3316 vera
1137 3253 1412 3338 effeapprobant.

303 3337 442 3410 Tertiae
463 3338 583 3398 modus
606 3335 728 3420 estqui
750 3336 982 3424 multipliciter
1005 3351 1039 3398 et
1061 3336 1257 3400 cumulatim
1279 3334 1414 3399 [enfibi-

252 3443 257 3456 ·
303 3418 388 3483 lium
411 3419 592 3481 formarum
614 3439 771 3482 numeror
793 3419 906 3482 animo
928 3417 1100 3490 infundit,
1124 3440 1162 3482 ac
1183 3418 1290 3482 veluti
1311 3418 1413 3482 innu-

302 3499 513 3566 merabilium
543 3501 706 3564 stellarum
727 3523 779 3564 tex
818 3503 953 3588 sphaera
975 3500 1133 3565 sensibilia
1155 3519 1293 3564 naturae
1313 3501 1415 3566 innu-

248 3669 252 3674 .
303 3582 513 3649 mutabilium
535 3583 720 3669 specierum
740 3584 843 3649 variia
874 3583 1049 3650 ordinibus
1071 3585 1198 3648 coelata
1219 3588 1338 3649 cohors
1361 3605 1416 3647 ac·

209 3675 219 3703 '
303 3666 407 3754 cipit;
437 3665 474 3730 in
500 3681 638 3732 tantum·
652 3667 893 3755 multiplicium
913 3669 1158 3754 phantasiarum
1180 3665 1413 3732 diffufionibua

302 3751 585 3838 perturbatione
615 3761 674 3814 aut
694 3749 750 3814 viu
772 3767 831 3816 aut
851 3773 1025 3838 nunquam
1048 3754 1090 3830 de
1111 3749 1159 3814 eia
1180 3751 1249 3830 stne
1269 3753 1339 3814 ullo
1363 3773 1412 3813 er-

303 3853 378 3898 rore
404 3835 515 3896 ualeat
538 3834 707 3915 judicate;
729 3836 806 3900 «led
836 3835 1036 3922 quibusdam
1064 3833 1414 3922 argumentationibus

303 3916 377 4064 peri
398 3917 804 4066 quodartnmodotsrmilifa,
828 3939 866 3983 ac
886 3918 993 4066 veluiti
1016 3921 1061 3982 de
1078 3917 1215 4066 inperplia
1235 3934 1413 4066 certaplpp·

317 4021 390 4064 erre
425 4019 575 4064 conaur·
622 4023 640 4065 e
676 4023 740 4066 neo
774 4025 791 4066 e
851 4023 948 4067 ereo
974 4025 1026 4067 em
1046 4023 1148 4066 moo
1194 4021 1330 4066 emruu
1396 4035 1412 4048 -

304 4083 369 4150 mit
390 4046 700 4170 rilibilium⁵rerum
719 4025 908 4156 ratiolitibut
929 4081 1109 4174 tliaputatr'
1122 4082 1166 4148 ali
1190 4083 1413 4170 uandoquip·

305 4187 349 4256 pe
375 4166 499 4234 clarius
532 4165 733 4256 veritatique
754 4167 996 4270 propinquius,
1032 4105 1213 4256 aliquanio
1233 4165 1412 4237 obacuriua
