3036 4862
803 91 817 152 l

329 249 415 324 848
653 251 709 356 lle
727 248 1100 329 murtrum.

331 445 451 520 pratea
471 431 570 500 timul·
609 433 692 500 oteli
710 433 845 502 auditur
865 434 903 502 lu
923 433 1068 523 ieipium
1088 429 1224 502 brurlre
1242 445 1346 522 atque
1365 432 1442 500 ‹tta-

331 535 478 616 cernue.
519 521 566 616 ln·
584 455 683 616 bunc
711 519 872 596 modum,
891 570 892 573 ,
908 517 1067 606 quiaquia·
1079 519 1226 620 reliquos
1238 517 1363 584 ‚leulm
1381 516 1443 582 in·

300 677 304 682 ⁵
331 599 498 745 sperent,
519 602 687 666 mrrabrlcr
706 599 960 700 ineffabileaque
982 618 1098 667 acrum
1117 615 1260 666 vrntuteo
1282 615 1442 666 contem·

330 679 488 770 pabitur.
531 682 623 750 Hinc
652 687 751 748 datur
770 683 1224 772 intelligi-quemadmodum,
1242 681 1442 748 universita-

330 762 376 830 u'a
402 761 564 830 conditae
592 765 835 854 intelligibiles¹
848 766 998 834 rauouea
1018 766 1061 832 in
1115 781 1256 850 uantum
1286 765 1398 830 intelli
1428 765 1439 782 '

330 847 483 935 poliunt,
513 847 550 914 iu
572 853 722 930 ejuadem
742 849 838 917 leulu
858 849 1066 916 conditionia
1088 791 1165 914 iure
1184 851 1296 915 caulae
1316 787 1440 914 corrigi

330 946 435 998 tuuut
454 945 554 1016 atque
574 932 771 1007 subruunt:
794 934 859 998 Sed
879 931 1040 1021 quoniam
1060 932 1130 1019 ipsc
1145 933 1263 998 'leuior
1283 951 1355 996 nou
1375 933 1440 995 lro·

274 1085 282 1099 p
330 1012 587 1093 minitantem,
623 1016 679 1082 fed
700 1029 735 1079 et
755 1015 893 1082 caeteris
915 1011 1114 1082 animalibus
1135 1013 1331 1080 naturaliter
1351 1013 1440 1078 inest

330 1111 508 1184 propterea
528 1113 564 1162 et
585 1097 684 1163 uliam
698 1097 827 1185 patitur
845 1097 1119 1164 distributionem.
1152 1095 1330 1164 Tribuitur
1342 1095 1440 1161 enim

216 1215 218 1222 >
331 1194 367 1244 et
385 1177 562 1266 reptilibus
581 1181 681 1246 m'arie
702 1196 737 1248 et
754 1181 949 1248 volatilibus
970 1181 1071 1258 coeli,
1094 1181 1131 1246 in
1153 1179 1272 1268 quinta
1291 1182 1440 1267 propbe-

224 1331 229 1342 ,
331 1261 399 1326 tica
419 1263 716 1351 contemplatione.
758 1267 831 1330 Nec
851 1263 1041 1338 immerito.
1078 1285 1156 1330 cum
1177 1279 1214 1328 et
1231 1263 1302 1350 ipse
1322 1263 1439 1326 leuior

329 1343 392 1495 gui
442 1345 540 1410 uinto
569 1345 625 1412 die
650 1363 791 1412 naturae
815 1367 927 1412 rerum
954 1347 1111 1412 inseritur
1142 1344 1440 1434 quinquepartitus

357 1443 381 1491 t.
456 1429 581 1496 crreuie
606 1451 740 1530 quoque
760 1429 960 1495 animalibua
981 1431 1070 1494 sexta
1092 1429 1147 1494 die
1167 1427 1363 1519 copulatur,
1398 1447 1440 1490 ea

328 1509 545 1588 intcn'tioue,
573 1528 614 1576 ut
633 1533 776 1599 opinor,
810 1512 969 1598 quoniam
992 1511 1062 1599 ipsa
1082 1517 1241 1590 maiorem
1262 1509 1438 1596 cognatio·

103 1599 108 1631 ¹
215 1631 220 1660 l
330 1614 411 1660 netu
435 1615 517 1660 euru
548 1595 687 1660 bomine
707 1595 766 1681 qui
787 1595 876 1660 lexta
898 1595 953 1660 die
973 1595 1081 1660 iactua
1103 1595 1165 1670 cst,
1198 1593 1360 1658 videntur
1380 1595 1439 1656 ba·

330 1679 426 1751 bare,
470 1699 548 1742 uam
567 1681 716 1765 quac-de
734 1699 896 1765 rquarum
915 1693 1034 1742 natura
1079 1680 1220 1744 reducta
1240 1677 1329 1741 lunt.
1363 1675 1439 1761 lpl'o

330 1757 446 1846 itaque
491 1780 586 1834 omo,
616 1763 710 1840 culua
732 1759 885 1826 conditio
904 1759 941 1826 in
986 1701 1142 1826 raerbctir
1165 1755 1301 1825 divinae
1321 1777 1437 1848 opera·

332 1833 436 1906 tionia
456 1841 817 1930 contemplationibur,
838 1842 946 1908 veluti
962 1784 1108 1908 iacenter
1123 1842 1329 1918 inbuuntur,
1350 1861 1437 1927 quc·

331 1921 424 1990 uiam
458 1924 496 1989 in
515 1924 589 2013 ipio
611 1943 646 1991 et
666 1947 744 1990 curn
765 1926 838 2013 ipio
858 1925 1030 2013 praedicta
1050 1925 1163 1992 omnia
1180 1924 1324 1990 ¹condita
1343 1921 1435 1998 lunt

331 2025 403 2072 uou
432 2029 493 2094 per
521 2029 630 2074 morat
651 2023 841 2095 temporum
850 2041 867 2086 ,·
890 2011 947 2076 led
968 2009 1184 2074 ordinatione
1203 2008 1377 2074 caularum
1397 2005 1437 2070 iu

331 2089 472 2158 effectur
508 2091 584 2157 luca
623 2091 852 2167 manantium,
891 2092 929 2158 iu
971 2092 1041 2156 fine
1080 2091 1184 2158 tctiua
1198 2087 1439 2156 uuiverlitatia

313 2172 502 2240 manifeste
522 2175 700 2250 formatur,
734 2174 861 2240 senaria
882 2173 1085 2262 repetitione
1105 2173 1322 2261 propheticae
1342 2174 1438 2235 tbeo·

330 2255 400 2322 riae
426 2273 579 2344 peracta,
613 2273 653 2322 ut
680 2279 720 2322 eo
747 2279 889 2323 nurnero
916 2279 986 2321 nou
1008 2257 1114 2321 solum
1135 2254 1298 2344 perfectio
1317 2257 1437 2319 huma·

263 2364 266 2370 ’
330 2361 396 2404 nac
424 2356 583 2416 naturae,
613 2341 853 2413 verumetiam
875 2339 1028 2406 omnium
1050 2361 1135 2425 quae
1156 2354 1235 2406 ante
1254 2337 1360 2424 ipsam
1382 2359 1437 2400 er·

331 2421 576 2508 plicatorem,
612 2421 648 2488 in
678 2445 715 2486 ea
737 2423 890 2489 conditio
911 2422 1168 2509 significaretur,
1201 2420 1363 2508 scriptura
1386 2419 1439 2484 di·

331 2519 450 2568 center
478 2507 527 2569 Et
555 2507 647 2568 dixit
674 2507 790 2583 Deus,
824 2511 997 2570 Faciamus
1014 2509 1173 2581 homiuem
1193 2507 1240 2568 acl
1260 2506 1437 2588 inrogirrem

330 2583 628 2737 &iiiiii-‘m
644 2586 811 2762 tilii·
832 2585 1012 2764 iiiiii*
1029 2589 1311 2737 '’liittlff‘·
1332 2599 1439 2732 ‘4²:52

626 2697 643 2734 e
800 2719 810 2748 ,
875 2697 929 2738 tue
962 2697 1001 2736 oe
1022 2697 1061 2738 ne
1116 2698 1134 2736 e
1257 2717 1266 2746 ,

330 2755 774 2922 nutat„
794 2691 1438 2924 Diffi

374 2921 440 2986 'mo
467 2939 572 2988 notun
597 2945 676 2999 um,
711 2925 802 3008 quod
832 2923 875 2990 in:
892 2923 1090 2990 conditione
1111 2919 1264 2988 omniuin
1286 2940 1371 3009 quae
1394 2921 1435 2982 ab

329 3004 432 3070 tuitio
454 3023 623 3072 creaturae
642 3007 680 3070 in
700 3006 880 3104 praedictio
903 3007 1052 3093 quinque
1068 3004 1350 3071 intellectualibus
1365 3001 1437 3068 die·

331 3091 394 3152 but
415 3107 609 3164 narrantur,
647 3089 784 3154 diurnae
812 3105 951 3154 naturae
973 3089 1245 3176 supereffentialia
1266 3085 1379 3151 unitae
1402 3099 1438 3148 et

331 3170 511 3238 ineffabilit
540 3173 731 3257 pluralitas,
753 3172 809 3233 vel
835 3189 875 3236 ut
902 3173 949 3236 ait
978 3174 1119 3236 Sanctus
1140 3170 1318 3254 Diouyfiue
1335 3171 1437 3234 Areo-

330 3255 461 3342 pagita,
485 3251 636 3346 summae
666 3257 827 3318 bonitatis
854 3249 1066 3344 foecunditas
1093 3271 1207 3338 aperte
1225 3277 1288 3320 nou
1310 3252 1358 3355 ast
1379 3276 1437 3316 ex·

329 3329 459 3429 preffir',
494 3337 645 3424 quamvio
674 3337 711 3400 in
740 3358 780 3401 eo
795 3365 799 3372 ·
815 3343 908 3424 quod
937 3339 1096 3424 scriptum
1118 3339 1183 3414 est,
1217 3341 1251 3402 in
1270 3341 1437 3420 prmet'pt'c

320 3415 418 3512 feeit
456 3421 574 3486 eoelum
611 3435 644 3482 et
678 3435 820 3494 terrum,
855 3421 961 3486 Patria
998 3437 1032 3485 et
1070 3419 1148 3484 Filii
1183 3422 1339 3518 personae
1375 3421 1437 3506 fig·

176 3500 179 3512 '
216 3571 218 3578 ,
330 3503 462 3570 nificari
482 3525 553 3568 uon
573 3501 760 3590 incongrue
780 3503 991 3590 intelligitur.
1034 3505 1109 3568 Dei
1157 3508 1270 3570 uadem
1286 3507 1437 3568 vocabu-

331 3589 365 3652 lo
391 3589 508 3661 Potui,
538 3589 704 3668 Principii
724 3607 803 3650 vero
827 3591 988 3652 Verbum:
1022 3601 1057 3652 et
1077 3605 1120 3672 pu
1158 3587 1311 3673 o'pollS
1336 3586 1437 3652 itituo

330 3673 474 3736 Sanctus
493 3669 738 3744 introducitur,
760 3668 820 3734 ubi
842 3671 971 3735 dictum
992 3670 1057 3746 eli,
1078 3682 1113 3734 et
1122 3663 1270 3762 spiritam
1331 3675 1363 3734 ci
1371 3661 1437 3760 fo·

326 3755 430 3818 orbat
457 3774 576 3838 aquas,
609 3774 648 3816 ac
677 3753 721 3818 lic
752 3751 788 3818 iu
817 3751 1015 3818 conditione
1034 3751 1303 3837 primordialium
1316 3751 1437 3818 caula-

329 3857 405 3901 rum
414 3881 424 3912 ,
447 3837 588 3902 Sanctae
609 3834 786 3900 Trinitatie
808 3836 963 3902 suadetur
979 3833 1174 3922 proprietas.
1188 3865 1191 3873 2
1207 3841 1248 3902 ln
1261 3834 1438 3925 procellio-

329 3918 431 3984 tribua
462 3918 564 3984 etiam
588 3917 733 4016 ipsarum
754 3921 925 3984 caularum
946 3917 985 3982 in
1005 3917 1127 3982 format
1148 3933 1184 3984 et
1201 3919 1328 4008 speclea
1349 3919 1436 3994 luat,

331 4005 473 4068 eundem
511 4001 713 4068 Trimtatem
751 4002 922 4091 Scriptura
951 4021 1212 4068 commemorare
1243 4000 1437 4068 inficitur.

329 4086 429 4151 Verbi
450 4085 574 4174 gratim
596 4087 707 4150 Dixit
724 4087 844 4162 Deus,
865 4087 944 4152 Fiat
958 4087 1033 4160 lux,
1055 4084 1121 4153 Dei
1134 4084 1275 4152 nomine
1318 4099 1437 4164 rtrum,

331 4171 434 4238 verbu
462 4183 575 4237 autum
605 4167 747 4256 lenfibili
772 4172 869 4256 quod
896 4167 942 4234 eii
960 4167 1073 4236 Dicit
1091 4167 1307 4259 unigenitum
1328 4184 1364 4236 et
1383 4169 1437 4234 lu·
