3036 4862
532 251 642 322 uter
662 253 827 336 marna.
1156 256 1235 332 389

131 429 274 500 omnino
296 435 483 502 astinetum
507 432 659 502 dixerim.
700 439 739 502 ln
761 432 958 522 supradictia
980 455 1115 523 quoque
1131 432 1239 507 'ratio'

129 515 233 582 uibua
264 515 341 584 latio
368 517 459 584 inter
490 540 554 585 noo
576 517 746 594 statuitur,
783 521 866 584 haec
887 521 954 584 duo
975 519 1142 586 humanae
1163 523 1233 588 ani·

128 621 205 666 mae
238 599 336 666 fimul.
353 617 386 668 ct
407 601 670 690 inseparabiliter
691 623 730 668 ac
750 602 878 688 semper
897 600 999 666 inelle
1018 601 1101 666 scire
1122 619 1156 670 et
1175 627 1233 670 ne-

129 682 223 766 scire.
267 683 339 750 Scit
367 685 457 750 enim
486 686 520 750 le
549 687 611 750 elle
638 683 872 750 rationabilem
901 699 935 746 ct
970 683 1233 755 intellectualem

21 769 31 786 ¹
129 781 301 852 naturam3
325 768 432 833 nescit
453 784 563 834 autem
586 768 672 865 quid
689 769 728 832 fit
748 767 811 832 effe
831 767 1023 832 intellectus
1044 783 1078 832 et
1098 767 1169 865 ipsa
1181 792 1229 836 ra·

129 848 192 913 tio.
231 851 278 914 M.
308 851 386 914 Non
416 871 485 916 erae
522 871 600 937 crgo
621 871 815 937 prauoquam
837 848 935 914 [cirea
956 851 1010 914 vel
1032 851 1176 918 ιιοῐοιιεο
1198 868 1231 920 te

129 933 216 1000 etta?
247 936 290 1000 D.
321 935 416 1008 Nou,
448 934 542 1000 fimul
566 933 657 998 enim
678 933 792 1020 accepi
815 934 931 996 effect
952 953 1154 1018 cognoscere
1174 955 1229 1000 me

128 1015 208 1090 elle,
240 1030 275 1080 et
309 1011 497 1104 intelligere
519 1039 573 1082 mc
594 1016 748 1115 ignorare
769 1015 851 1102 quid
873 1015 953 1078 sum.
989 1019 1036 1079 M.
1057 1015 1124 1082 Dic
1142 1016 1230 1082 mihi
1259 1015 1265 1026 ’

126 1101 262 1194 quando
293 1098 449 1164 notitiam
473 1099 525 1166 sui
543 1099 667 1186 accipit
688 1101 809 1166 homoa
840 1114 953 1160 utrum
975 1097 1011 1162 in
1033 1097 1090 1162 illa
1113 1099 1228 1166 condi·

127 1197 221 1245 ttoue
252 1179 289 1244 in
318 1203 383 1278 qua
413 1204 529 1248 omnee
565 1182 719 1247 hominea
741 1177 972 1244 universaliter
991 1179 1072 1248 facti
1094 1181 1172 1246 sunt
1191 1181 1228 1247 in

126 1262 398 1350 primordialibus
425 1265 527 1330 caufia
555 1281 633 1328 ante
654 1279 804 1350 tempora
827 1263 1000 1329 secularia:
1025 1285 1078 1328 tan
1100 1262 1136 1330 in
1159 1263 1229 1364 ipsa
1362 1316 1366 1328 .

125 1345 363 1443 generatione²
387 1369 458 1444 qua·
472 1347 509 1412 in
532 1347 651 1444 ordine
673 1363 881 1443 temporum..
912 1347 986 1410 Deo
1008 1345 1067 1412 loli
1089 1363 1229 1444 cognato

125 1445 166 1608 ι
181 1429 494 1577 tutatast.
507 1433 930 1610 ιιιιιιιι
943 1431 1055 1608 ιι
1074 1445 1229 1588 ιιι

124 1615 162 1658 ιιι
179 1595 285 1658 altera
304 1615 384 1660 vero
406 1596 592 1682 specialiter
611 1595 649 1669 in
671 1595 845 1660 effectibus
861 1594 1041 1658 manifeste.
1082 1594 1168 1660 Nam
1189 1593 1228 1659 in

125 1675 183 1740 illa*
214 1675 421 1762 primordiali
450 1693 484 1742 et
511 1677 657 1764 generali
679 1678 783 1742 totiua
805 1680 970 1742 humanae
990 1691 1129 1742 naturae
1149 1698 1229 1744 con·

127 1756 259 1824 ditione
283 1781 384 1826 nemo
413 1759 555 1847 leiplum
587 1759 773 1848 specialiter
792 1759 987 1846 cognoscit,
1020 1781 1131 1846 neque
1150 1781 1227 1846 pro·
1323 1807 1329 1824 .

124 1839 232 1928 priam
253 1841 481 1910 amiciamini
497 1845 623 1908 lubere
644 1842 784 1928 incipit:
805 1863 874 1906 una
895 1841 987 1906 enim
1009 1855 1042 1906 et
1085 1841 1227 1910 eneralie
1264 1891 1268 1900 ·

124 1922 276 2010 cognitio
299 1926 452 1990 omnium
475 1927 519 1990 est
539 1925 603 2000 ibi,
626 1925 753 2012 solique
774 1927 849 1990 Deo
870 1925 1016 2011 cognita.
1046 1865 1118 1990 liiic
1133 1947 1227 1994 nam·

148 2028 192 2070 ue
212 2028 329 2073 omnes
352 2007 507 2072 hominen
528 2029 617 2072 unua
630 2009 725 2080 lunt,
747 2006 804 2069 ille
820 2007 973 2091 profecto
989 2007 1031 2068 ad
1043 2005 1226 2092 imaginem

159 2089 189 2154 ei
220 2090 347 2164 lectur,
376 2091 412 2154 in
444 2111 511 2176 quo
540 2111 657 2154 omnee
679 2087 781 2152 creati
799 2087 889 2150 sunt.
931 2089 976 2150 Ut
996 2087 1088 2154 enirn
1110 2109 1227 2154 omne·

125 2172 252 2238 mamae
272 2173 327 2238 vel
347 2171 473 2256 speciee
495 2171 636 2258 quaein
658 2191 728 2234 unu
753 2189 875 2254 genere
896 2165 1134 2245 continentum
1171 2175 1226 2238 ad·

124 2257 192 2320 huc
213 2253 418 2322 differentiae
440 2269 474 2320 et
495 2251 714 2339 proprietates
737 2250 926 2314 intellectui
947 2252 1002 2316 vel
1022 2251 1132 2316 lenlui
1150 2274 1227 2342 cog·

124 2336 216 2402 nitae
245 2360 315 2403 non
348 2337 590 2410 succumbunta
622 2335 679 2404 led
699 2331 805 2396 veluti
826 2335 989 2419 quaedam
1009 2335 1121 2400 unitae
1142 2358 1227 2402 non·

125 2423 206 2486 dum
239 2419 346 2486 divisa
375 2417 527 2492 tubfitit,
559 2421 670 2482 donec
690 2435 910 2513 unaquaeque
932 2417 1024 2482 luam
1068 2417 1227 2504 roprieta·

123 2517 248 2568 temet
270 2501 493 2570 differentiam
513 2501 551 2566 in
571 2499 682 2588 specie
702 2497 881 2564 individua
899 2437 1159 2598 intelligiiiliter
1171 2503 1226 2568 vel

122 2585 316 2654 leufibiliter
337 2585 502 2673 accipiata
523 2583 570 2650 ita
590 2581 823 2669 unusquisque
843 2577 880 2646 in
902 2601 1144 2649 communione
1165 2585 1225 2648 hu·
1313 2603 1317 2608 ·
1396 2559 1400 2572 ¹

122 2689 241 2738 manac
273 2687 430 2743 naturae,
471 2687 536 2732 nec
563 2665 706 2752 seipsum
733 2685 798 2730 nec
826 2663 1119 2730 consubstantiales
1149 2665 1226 2732 fuoo

122 2751 258 2900 propria
286 2749 484 2846 cognitione
514 2747 693 2822 dircernit,
721 2746 917 2844 priusquam
945 2745 998 2844 in·
1014 2749 1109 2845 hunc
1128 2769 1226 2846 mun.

149 2857 207 2898 um
236 2832 303 2896 [uia
331 2834 557 2978 temlponbua,
589 2831 795 2972 juxtabpuod
815 2849 852 2892 an
873 2841 1017 2894 aeternae
1036 2831 1226 2896 rauouabuo

123 2913 341 2982 constitutum
369 2937 386 2978 e
439 2910 640 2998 procellerit.

125 3019 205 3064 mox
231 3013 271 3062 ut
342 3018 358 3060 r
385 2992 636 3083 generationem
663 2991 701 3056 in
722 2993 816 3056 hunc
834 3013 917 3058 mun

121 3103 193 3148 uon
216 3079 357 3178 [cipum
378 3075 578 3164 cognoscit?
611 3079 654 3138 D.
683 3075 832 3140 Poenam
852 3075 1147 3171 praevancataonia
1166 3095 1224 3140 na-

761 2911 872 2994 Quare
893 2931 973 3057 ergo
992 2911 1226 3008 unusquioqpe

942 3014 1001 3089 um
1020 3009 1225 3091 prpvenent‚

38 3185 43 3202 ¹
122 3183 215 3230 turae
245 3187 282 3228 m
309 3165 377 3226 hoc
404 3155 603 3226 manifestari
631 3178 701 3222 non
731 3171 856 3222 temere
885 3155 1037 3222 dixerim.
1085 3157 1224 3224 Namli

121 3253 224 3316 homo
255 3262 326 3312 non
347 3259 519 3331 peccaret.
553 3241 591 3306 in
613 3255 682 3306 tam
701 3239 905 3326 profundam
926 3238 977 3304 sui
997 3238 1010 3304 i
1058 3239 1225 3308 orantium

1 3344 12 3372 ²
122 3330 274 3419 profecto
301 3349 372 3393 non
396 3329 547 3399 caderem
574 3323 660 3388 ficut
677 3345 723 3388 ne
744 3321 822 3388 uei
870 3317 1000 3388 omiuio
1015 3343 1068 3388 am
1112 3344 1224 3390 enera-

122 3415 251 3480 tionem
284 3433 325 3474 cx
354 3407 482 3494 duplici
507 3407 588 3472 sexu
608 3409 650 3472 ad
671 3406 728 3472 fim
758 3344 923 3469 'tuffiem
942 3389 1102 3470 irrafiona
1125 3402 1224 3472 ilium

123 3493 316 3558 animalium
338 3514 408 3557 non
429 3505 615 3576 pateretur:
640 3503 680 3553 ut
694 3491 897 3554 Graecorum
911 3485 1139 3574 sapientiffimi
1155 3509 1224 3554 cer·
1329 3510 1332 3519 ·

123 3575 249 3642 tiffimia
278 3573 467 3640 rationibus
494 3572 676 3647 affirmanta
704 3571 716 3636 i
741 3571 774 3637 [e
794 3569 956 3657 liquidem
977 3569 1143 3657 qui'lolua
1165 3593 1223 3636 na·
1316 3581 1320 3586 “

123 3673 178 3722 tua
199 3658 243 3721 est
264 3661 387 3744 absque
408 3669 548 3743 peccato
569 3655 607 3721 iu
624 3595 777 3730 mundo,
798 3655 980 3720 Redcmtor
1000 3651 1066 3716 viz.
1087 3653 1221 3730 mundi,

121 3759 296 3824 nunquam
323 3741 425 3806 talem
447 3737 673 3828 ignorantiam
692 3737 860 3824 perpetius
881 3735 941 3810 eo.
970 3734 1028 3800 led
1049 3734 1222 3806 confestim

122 3837 165 3974 ι
178 3821 626 4001 maeatae-t·
649 3815 1220 4000 ιιιιιιιιιι
1260 3841 1266 3850 ·

120 3987 786 4164 ιιιιιιιιιιιι
802 3997 908 4132 ιι
924 3998 1221 4165 tauma:

114 4159 194 4240 Υποις
227 4173 299 4220 non
327 4154 407 4241 quia
434 4153 531 4220 aliam
551 4165 683 4247 accepit
701 4165 832 4237 praeter
852 4171 926 4218 eam
944 4171 1046 4236 quam
1066 4173 1102 4216 re
1142 4161 1217 4224 tuit,
1313 4231 1319 4244 ·

734 4266 812 4334 92⁸

1223 2963 1240 3022 ς
1376 2978 1381 2992 .
