3048 4856
378 325 401 406 ὁ
554 257 662 341 wer
685 253 842 336 vene.
1177 261 1256 338 221

139 445 274 514 tlreorla
302 444 524 534 stupefactae,
553 447 640 512 ficut
658 445 778 516 multia
799 445 931 522 meust,
963 447 1003 513 ln
1021 447 1123 514 crtafi
1142 449 1259 519 lactor

139 529 231 607 [πως
264 531 341 620 quie
369 530 461 596 enim
489 531 650 606 rudium,
683 546 719 598 et
738 533 896 597 nondum'
915 531 1183 600 sublimissimum
1204 536 1256 602 lo·

138 615 243 764 pffiae
267 613 431 682 verticem
438 613 746 764 tptspppplerptipm,a
745 615 836 764 ¹:alia
857 613 1032 766 mgiffl
1060 617 1255 769 mecpgaptolee·

140 719 160 764 c
202 721 264 764 mn
289 720 370 765 nou-
417 720 437 763 a
467 721 485 764 a
667 721 725 764 ern
812 721 934 764 numer
1062 722 1083 766 a
1216 725 1234 768 r

139 782 296 850 omnium
323 723 507 848 imufortali
536 781 678 850 audiena
705 781 960 859 conditionem,
998 787 1254 874 eorundemque

135 865 382 954 processionem
402 865 441 932 in
464 887 604 954 genera,
627 880 662 932 et
681 865 827 954 speclea,
848 865 886 933 in
908 866 1033 956 quibua
1046 867 1120 934 lieri
1135 867 1255 936 dicun·

135 965 213 1026 tur,
249 949 413 1038 quonium
443 949 481 1014 in
504 949 556 1028 cie,
575 953 616 1014 ab
638 948 868 1017 intellectibus
914 950 1068 1016 atiuntur
1086 951 1252 1041 intelligit

136 1033 267 1100 deinde
284 1033 322 1100 in
342 1049 498 1100 naturam
519 1032 756 1101 rationabilem
779 1034 882 1100 secun
973 1034 1082 1100 veluti
1100 1057 1254 1123 procrea-

134 1115 283 1193 tionem,
315 1117 478 1215 quoniam
504 1116 543 1183 in
572 1139 611 1182 ea
638 1117 712 1184 suaa
739 1116 883 1184 virtuter
903 1115 1110 1185 manifestius
1132 1139 1253 1208 propa·

133 1216 237 1289 gant3
277 1201 402 1266 deinde
437 1185 475 1266 sn
504 1199 668 1268 memoria
696 1200 910 1291 senfibuaque
937 1203 1146 1291 phantefiaa,
1179 1203 1252 1272 imo

132 1283 239 1350 etiam
268 1283 527 1384 theophaniam,
563 1305 665 1351 omne
692 1285 785 1351 enim
815 1289 907 1373 quod
936 1309 977 1352 ex
996 1302 1117 1352 natura
1138 1309 1252 1355 rerum
1374 1313 1390 1330 ·

133 1365 173 1432 in
200 1387 366 1433 memoria
392 1371 557 1434 formatur
583 1368 773 1434 occasiones
801 1391 841 1434 ex
868 1374 943 1436 Deo
969 1373 1093 1437 habere
1112 1392 1185 1438 non
1207 1371 1253 1437 est

132 1451 379 1527 dubitandum,
414 1455 562 1540 quodam
586 1455 693 1518 ruodo
721 1451 796 1519 lieri
823 1474 896 1519 non
926 1456 968 1520 de
995 1454 1061 1520 alia
1097 1455 1249 1534 maceria,
1355 1509 1365 1530 ,

132 1534 193 1602 sed
221 1538 264 1600 de
290 1534 473 1623 semetipsis
504 1535 597 1604 facti.
639 1538 742 1603 Nunc
761 1557 842 1602 vero
863 1537 974 1602 veluti
995 1539 1252 1638 expergefactae
1389 1533 1396 1558 '

130 1617 176 1683 iu
193 1639 249 1682 me
268 1616 381 1706 ipsum
401 1619 555 1697 rediena,
578 1619 819 1708 interiorisque
838 1622 979 1688 luminis
999 1625 1133 1688 radrnm
1155 1623 1251 1690 lucu·

129 1700 259 1770 lentior
287 1701 511 1789 perspiciens,
543 1725 597 1769 ea.
611 1725 699 1791 quac
724 1725 743 1769 a
772 1718 807 1789 te
826 1705 1022 1772 'dictasunt
1041 1725 1264 1793 ,cognoscere¹

131 1779 283 1872 incipio3
306 1785 439 1850 conaria
464 1787 575 1866 enim,
597 1803 638 1850 nt
658 1787 799 1869 opinor.
812 1785 1251 1854 hundam-omnernnmc-

129 1887 188 1934 roa
209 1889 249 1932 cx
269 1863 425 1934 monade'
436 1870 545 1934 veluti
567 1893 608 1936 ex
630 1868 776 1954 quodam
797 1860 1114 1946 sontelmanantee,
1148 1866 1250 1934 instar

128 1955 278 2018 duorum
306 1951 487 2016 fluminum
516 1975 556 2018 ex
584 1969 654 2011 una
680 1967 769 2026 vena
795 1945 1024 2032 surgentium,
1058 1951 1246 2035 profluere;
1341 1963 1347 1980 ⁴

127 2033 236 2121 inque
267 2036 353 2098 duna
374 2033 487 2095 alveos
508 2031 717 2118 segregator,
749 2049 895 2126 quorum
915 2051 1006 2095 unua
1026 2053 1088 2116 per
1107 2032 1247 2102 interio-

124 2139 181 2184 rea
199 2135 304 2204 porco
324 2129 484 2188 naturae,
506 2116 574 2178 boc
595 2113 657 2188 ell,
706 2133 741 2174 er
761 2113 985 2187 rntellecturn,
1009 2129 1044 2176 et
1059 2115 1245 2196 rationemr

126 2203 213 2266 alter
238 2217 322 2264 vero
348 2219 410 2285 per
438 2197 621 2262 exteriores
641 2133 824 2260 visbilium
845 2215 959 2260 rerum
980 2196 1107 2284 species
1129 2202 1247 2266 decur·
1272 2249 1280 2267 ι

125 2305 218 2360 rere,
249 2297 284 2346 et
315 2304 376 2367 per
397 2281 510 2346 sensus
532 2283 642 2346 donec
664 2275 760 2344 simul
779 2277 818 2344 in
839 2279 1037 2346 memoriam
1057 2283 1244 2363 confluant,
1343 2298 1346 2309 “

124 2367 164 2434 ίιι
186 2388 255 2455 qua
277 2364 514 2451 multipliciter
534 2365 733 2429 formantur.
1184 2403 1186 2410 ·

190 2465 242 2530 13.
263 2449 331 2514 Sed
351 2449 525 2536 quomodo
548 2469 600 2513 ree
621 2447 852 2546 incorporeae,
873 2463 908 2512 et
927 2469 999 2514 non
1014 2445 1121 2516 solutu
1139 2470 1157 2516 a
1172 2450 1244 2519 sen·

125 2537 236 2608 libna,
265 2535 385 2598 verunt
406 2531 507 2596 ctiam
526 2553 567 2594 ex
587 2553 769 2607 memorat,
802 2531 963 2618 omnique
984 2532 1241 2632 imaginatione,

125 2639 208 2707 prae
228 2614 336 2680 nimia
356 2615 434 2680 suae
454 2632 595 2681 naturae
618 2612 836 2691 excellentia,
866 2631 1034 2692 remotae,
1056 2639 1094 2682 rn
1115 2641 1241 2688 memo·
1295 2667 1307 2700 ,
1359 2645 1367 2654 ·

124 2703 177 2768 ria
197 2699 404 2773 sensabuave,
426 2701 493 2764 hoc
514 2699 576 2775 cll,
598 2697 635 2764 in
657 2698 865 2784 imaginibus
886 2695 1242 2791 visibilibuaquc‘figu.

96 2770 110 2788 ⁹
124 2785 174 2852 ria
192 2781 303 2848 veluti
323 2781 525 2869 quibusdam
547 2781 745 2869 corporibus
765 2780 890 2868 poffint
908 2805 1084 2870 apparere,
1107 2806 1179 2850 non
1195 2788 1243 2852 sa·

126 2869 175 2934 tia
196 2865 309 2932 video.
352 2867 401 2929 M.
424 2867 501 2930 Hoc
521 2885 594 2929 nno
616 2867 769 2951 exemplo
790 2881 903 2930 totum
917 2883 953 2930 te
967 2866 1158 2954 intelligere
1170 2869 1243 2936 sen·

129 2951 202 3027 tio,
229 2949 275 3014 ita
297 2948 408 3025 enim,
433 2963 474 3012 ut
495 2947 621 3024 dixisti,
644 2969 684 3014 ex
703 2951 849 3013 monade
871 2950 1005 3016 numeri
1025 2967 1182 3030 manant,
1206 2970 1244 3020 et

125 3035 167 3100 in
179 3031 341 3100 memoria
353 3034 550 3098 confluuntr
567 3033 609 3098 de
624 3053 663 3096 eo
677 3035 972 3118 cutemquodnon
983 3033 1061 3099 satie
1072 3027 1178 3112 vider,
1188 3059 1242 3104 ac-

123 3118 206 3206 cipe
225 3119 319 3204 quod
339 3115 467 3192 sentio;
502 3115 725 3202 spiritualium
746 3131 1001 3180 rerumnatura
1021 3117 1070 3182 ita
1091 3135 1243 3188 contem·

121 3199 337 3292 plationibue
358 3199 483 3266 mentia
504 3199 711 3276 succumbit,
733 3215 774 3264 ut
793 3221 855 3287 per
874 3199 1002 3286 lingula
1025 3203 1067 3266 de
1088 3201 1241 3290 hisquae

124 3289 170 3364 de
191 3307 250 3362 ca,
271 3285 327 3350 vel
350 3284 388 3349 in
409 3305 466 3360 ea,
489 3286 545 3350 vel
567 3307 629 3370 per
648 3305 722 3348 cam
738 3297 963 3371 peraguntur,
985 3284 1153 3351 rationem
1166 3290 1241 3354 red·

124 3373 266 3454 damua3
295 3369 402 3436 multa
424 3366 574 3433 enimin
597 3387 635 3432 ea
655 3367 765 3433 solent
785 3387 962 3466 apparere,
992 3390 1079 3455 quae
1099 3391 1171 3436 non
1193 3371 1240 3436 se·

121 3455 278 3520 cundum
308 3451 481 3538 cognitae,
508 3452 564 3516 vel
591 3449 785 3538 incognitae
805 3453 907 3538 rplina
927 3452 1038 3598 lepor,
1072 3454 1130 3519 sed
1151 3455 1241 3522 ultra

122 3557 264 3604 omnem
280 3535 392 3622 legem
413 3531 532 3600 divina
550 3535 731 3600 voluntate
748 3555 834 3624 quae
853 3535 948 3599 nulla
982 3556 1043 3634 ege
1064 3538 1240 3604 concludi·

120 3635 198 3697 tur,
222 3620 267 3684 esl
287 3619 380 3685 enim
399 3619 454 3684 lex
472 3619 588 3707 legum
611 3633 646 3682 et
664 3617 752 3684 ratio
769 3617 954 3698 rationum,
975 3619 1123 3686 mirabili
1141 3621 1241 3697 etin·

120 3701 253 3771 effabili
272 3706 377 3774 modo
397 3699 630 3802 terrestris
654 3700 749 3768 enim
770 3701 939 3800 rationem
959 3703 1067 3790 potest
1085 3707 1238 3784 reddere,

118 3785 402 3887 srinterrogatue
431 3787 554 3860 mern,
581 3789 758 3933 puomodo
785 3807 903 3888 anama·
917 3786 1042 3870 Moyfia
1063 3787 1241 3856 vifibilitcr

118 3869 1239 4044 :lauatioltlttdrssltlttd¹d³t¹252lcll!

117 4059 206 4126 pore
232 4035 458 4114 resurrexisse,
484 4049 525 4100 ut
549 4031 646 4104 samul
680 4057 760 4108 cum
778 4035 871 4115 Elia,
902 4036 941 4103 iu
961 4039 1241 4122 montovistbili·⁸

119 4137 190 4199 ter,
219 4143 293 4189 nou
313 4121 429 4209 perse
449 4118 581 4199 anima,
603 4121 662 4186 sed
682 4120 720 4187 in
740 4121 801 4188 suo
823 4141 964 4210 corpore
984 4139 1177 4212 appareret,
1200 4135 1238 4189 et
1356 4173 1362 4188 .

117 4201 247 4275 iteum
264 4207 311 4274 ad
329 4205 545 4293 sepulchrum
562 4202 717 4293 rediille3
737 4203 815 4296 quia
837 4225 917 4294 ergo
938 4203 1091 4278 dicautur
1106 4205 1152 4275 est
1168 4227 1236 4296 qua
