2866 4822
293 225 376 330 ooo
504 263 508 278 ·
638 224 692 292 ue
713 225 896 294 uternam
916 195 1095 294 nanae.
1192 293 1196 301 ,

296 407 421 498 quibua
457 399 676 506 imperfectae
699 405 831 475 animae
852 407 888 474 in
911 427 1012 474 carne
1033 401 1231 474 constitutae
1251 401 1376 472 sedutuo·

260 501 264 508 “
297 510 374 568 tur,
397 507 541 556 aeternio
563 492 805 580 suppliciorum
828 493 1001 558 ardoribua
1024 491 1204 556 attributae
1217 495 1375 562 manebunt,

299 592 337 642 ut
373 573 410 638 in
433 575 480 642 eit
501 597 622 664 pravae
647 591 867 660 torqueantur
889 575 1094 664 cupiditates
1116 589 1297 662 pratorum.
1331 575 1376 636 Sed

290 661 414 733 ¹adhuc
435 681 507 724 non
529 681 632 746 parva
652 659 737 725 mihi
760 661 863 731 obstat
884 659 1041 746 quaeslio.
1073 658 1108 722 Si
1132 655 1270 723 bonitati
1287 672 1315 720 et
1326 659 1376 719 bet·

303 739 444 810 titudini
478 743 665 834 ceterisque
697 743 830 826 ⁴divinia
847 744 1035 808 uirtutibus
1058 755 1144 828 quae
1168 745 1208 806 de
1229 745 1294 804 Deo
1312 760 1376 825 prae

302 827 477 902 dicantur,
499 825 586 891 nihil
609 827 673 893 erit
694 823 929 902 coaeternum
955 849 1015 892 eur
1031 823 1166 890 veritati
1180 823 1298 910 aliquid
1312 843 1378 885 core

255 913 262 946 ⁹
303 927 438 983 ternum
460 910 664 1010 opponitur,
686 914 753 976 hoc
777 911 820 975 esl
842 912 959 976 salsum
983 925 1016 974 ct
1038 910 1188 972 salsitas?
1204 911 1252 972 'Ut
1267 901 1377 970 enimus

194 1055 200 1078 ,
302 995 420 1070 fallor,
442 989 577 1058 iteratati
600 1015 643 1080 op
672 995 787 1058 onltur
810 994 949 1070 salsitas,
971 994 1018 1057 ita
1038 1007 1121 1057 veto
1144 993 1267 1056 salsum.
1297 989 1326 1052 dl
1337 985 1377 1072 igi*

303 1094 359 1142 tur
378 1077 491 1142 omnia
513 1014 685 1164 phantaia
707 1079 786 1142 salsa
808 1079 871 1153 esi,
895 1100 934 1142 ac
955 1099 1016 1164 per
1036 1080 1104 1142 hoc
1127 1093 1160 1138 et
1195 1075 1309 1146 alsrtott
1328 1067 1378 1156 qult

299 1137 507 1250 phaittaliam
528 1160 663 1226 veritati
686 1163 749 1226 else
771 1161 972 1228 contrariam
989 1159 1165 1257 negaverit
1212 1161 1253 1223 At
1269 1157 1290 1220 sr
1304 1157 1378 1249 pheu-

224 1260 228 1273 ⁴
301 1245 380 1308 talia
409 1262 522 1311 rerum
552 1245 789 1330 temporalium
821 1243 993 1332 suppliciis
1023 1243 1229 1308 distribuitur
1251 1253 1377 1314 retemta

254 1397 257 1403 ,
301 1325 456 1414 proiecto
490 1343 645 1394 aeternae
675 1345 775 1392 erunt
802 1329 1014 1427 phantasiae,
1048 1341 1276 1414 perpetuoque
1305 1338 1377 1406 oppo

300 1427 428 1476 nentur
449 1411 597 1480 veritati.
628 1413 675 1475 M.
699 1413 776 1477 Non
799 1412 969 1478 emmerito
993 1409 1079 1476 talio·
1093 1409 1200 1496 caligo
1222 1404 1280 1471 tibi
1296 1423 1377 1496 octut·

301 1511 409 1584 reret.
445 1494 469 1558 fi
498 1495 593 1583 priua
629 1495 806 1560 clariffimo
826 1497 927 1582 ipsru'a
948 1493 1102 1558 veritatis
1125 1497 1166 1558 de
1187 1513 1248 1578 qua
1269 1485 1377 1575 quaesto

302 1578 366 1652 esl',
396 1577 491 1642 radio
526 1578 755 1650 illuminatus.
780 1581 837 1649 'ad
865 1601 989 1665 purum
1021 1575 1213 1642 dinosceret
1242 1569 1377 1654 idipsum

298 1649 389 1734 ¹else,
424 1663 551 1748 abaque
581 1663 649 1725 ulla
683 1661 890 1737 differentia,
926 1667 1122 1758 (nunquam
1145 1659 1232 1723 enirn
1252 1652 1401 1719 Daedalus*

300 1741 450 1816 volavit,
482 1742 651 1830 navigasse
681 1762 794 1810 autent
826 1747 867 1808 de
899 1745 998 1808 Creta
1031 1765 1070 1808 tn
1094 1741 1260 1808 Euboeam
1279 1735 1376 1808 sertor.)

300 1827 419 1890 salsum
442 1842 474 1890 et
521 1828 727 1901 hantasram,
750 1827 797 1892 ita
819 1843 858 1890 ut
881 1826 991 1891 omnis
1013 1827 1186 1911 phantasia
1206 1825 1242 1889 fit
1262 1819 1340 1890 salso,
1355 1831 1377 1877 tt

301 1919 404 2007 opine
438 1851 561 2008 sellium
590 1911 772 2012 phantafia.
823 1913 925 1974 Nunc
960 1925 1075 2002 autem
1110 1908 1263 1997 quoniam
1286 1917 1375 2000 ‘magni

302 1991 494 2058 defferentra
527 1994 572 2058 est
591 2010 683 2058 rnter
704 1995 822 2058 salsum
845 2009 879 2058 et
924 1994 1126 2068 hantasram,
1159 1991 1337 2074 relinquitur
1351 1993 1376 2041 ut

302 2075 389 2141 illud
422 2080 515 2174 quod
544 2079 681 2164 proprie
711 2078 836 2142 dicitur
858 2016 974 2140 salium
997 2076 1209 2140 solummodo
1229 2079 1378 2158 opponatur

271 2239 272 2244 ἵ
300 2159 465 2237 veritatr,'
481 2164 702 2248 (phantasiam
722 2160 861 2224 veritati
880 2159 942 2223 else
964 2159 1191 2236 contrariam).
1221 2161 1258 2219 Ι).
1273 2157 1376 2235 E¹P⁰¹¹⁰

302 2243 425 2330 quaeso
456 2265 543 2332 quae
574 2245 614 2308 sit
643 2245 700 2308 illa
730 2243 926 2307 differentia·
951 2263 1036 2328 quae
1073 2240 1189 2306 salsu'm
1221 2242 1250 2306 se
1285 2245 1375 2324 ⁸3⁸1}

326 2327 483 2390 hantasia.
527 2329 575 2391 Μ.
599 2327 677 2392 Suia
700 2325 958 2391 desinltionibua
981 2326 1227 2390 discernuntur.
1281 2317 1373 2380 sento

301 2349 424 2472 iollam
453 2411 546 2507 puod
577 2409 709 2497 appetit
730 2410 908 2497 essequod
928 2429 999 2478 non
1024 2409 1088 2484 est3
1121 2409 1214 2472 aliter
1231 2401 1309 2470 enim
1327 2395 1375 2458 vult

304 2491 335 2554 se
357 2489 466 2578 viden
488 2511 590 2576 quarn
613 2493 674 2566 est,
699 2493 777 2576 quia
800 2515 869 2554 non
893 2491 940 2554 ita
962 2492 1006 2554 est
1026 2493 1098 2578 ipsa
1119 2513 1170 2555 reo
1192 2491 1373 2573 dequaprat

302 2571 453 2648 dicatur,
501 2578 651 2638 uomodo
675 2575 717 2636 de
740 2593 776 2637 ea
792 2573 1014 2671 praedicatur.
1047 2581 1087 2640 ln
1106 2589 1172 2662 quo
1187 2578 1373 2662 genereque

303 2661 379 2722 dem
401 2655 456 2722 sab
497 2679 591 2722 arum
615 2657 680 2722 finr
701 2658 917 2734 constitutae,
940 2673 979 2722 ut
1001 2661 1135 2724 volatur
1152 2652 1296 2740 Daedali,
1315 2659 1373 2742 qtlls

302 2741 415 2806 sabula
442 2763 507 2806 nec
535 2761 616 2805 vera
645 2741 706 2816 est,
738 2760 803 2805 nec
833 2739 904 2805 veri
933 2741 1067 2822 similia,
1104 2745 1158 2806 sed
1179 2742 1251 2806 salsa
1269 2741 1373 2800 otattttls

235 2889 240 2900 ,
302 2822 441 2916 opinio,
485 2846 571 2910 quae
601 2825 691 2892 fallit
719 2823 931 2910 insipientes,
965 2825 1113 2914 ideoque
1143 2825 1251 2889 salsum
1284 2811 1373 2880 dicitur

302 2907 382 2995 quia
405 2908 511 2984 fallit,
545 2925 579 2974 et
604 2907 732 2994 decipit
752 2907 916 2988 judicium
940 2931 1056 2974 eorum
1081 2911 1138 2998 qui
1156 2911 1305 2973 tolluntur
1321 2889 1373 2958 stlst

302 3011 365 3078 pro
389 2992 479 3058 veria
502 2995 743 3080 approbanter,
790 2995 859 3057 uod
881 2994 924 3057 est
944 2990 1120 3080 proprium
1140 2991 1271 3070 enodat
1288 2981 1372 3072 ethop

219 3091 223 3103 ·
305 3076 350 3138 est
381 3079 473 3162 quod
495 3093 574 3140 vete
596 3075 722 3142 dicitur
743 3015 878 3151 fuitum,
915 3077 1069 3164 quamvic‘
1094 3083 1186 3166 saepe
1206 3065 1372 3158 sttdialettt

303 3158 352 3224 cia
386 3159 674 3246 propositionibus
705 3159 903 3247 negationes
935 3161 1004 3225 falfi
1043 3163 1183 3228 nomine
1208 3153 1371 3222 vocitentur,

303 3242 468 3330 saepeque
501 3243 739 3308 affirmationea
760 3244 959 3330 negationes
1004 3245 1137 3312 uidem:
1167 3260 1202 3308 ut
1222 3232 1371 3306 omnisht

303 3343 361 3390 mo
384 3327 507 3392 animal
528 3347 599 3392 non
623 3329 681 3403 est,
723 3327 840 3390 falsum
863 3327 924 3404 esl3
957 3349 973 3392 a
1010 3331 1191 3396 rmntionet
1212 3340 1322 3390 autem·
1344 3320 1372 3372 Π*

304 3408 416 3475 omnia
443 3413 546 3475 homo
575 3412 678 3491 jusluo
709 3411 769 3487 est,
802 3411 927 3476 falsum*
952 3413 1004 3476 est.
1055 3411 1223 3480 Phantasia
1251 3421 1316 3470 vero

301 3489 1141 3666 {tetretentetur‘tuttelstet
1163 3481 1371 3657 tutela

302 3661 357 3723 vel
378 3659 578 3749 incorporet
600 3686 660 3750 per
682 3661 821 3749 seipsam
842 3663 1038 3730 mortalibua
1051 3663 1370 3748 adhaerentibusque

302 3741 416 3890 {picua
445 3747 501 3820 sat,
535 3762 655 3813 natura
684 3769 795 3832 terum
825 3747 998 3814 constituit
1018 3767 1058 3816 ut
1078 3752 1114 3817 in
1135 3749 1229 3816 sensu
1248 3745 1370 3836 emptu?

319 3827 506 3894 enfibilium
534 3853 644 3895 rerum
666 3830 849 3918 imagines,
881 3832 918 3898 in
937 3833 1093 3902 interiori
1113 3851 1191 3900 vero
1211 3815 1368 3910 intellrgrbs·

300 3909 421 3976 billum
443 3913 698 3998 exprimentum
718 3937 774 3998 ac
805 3915 928 3983 deinde
953 3920 1064 3986 veluti
1093 3943 1133 3992 ex
1154 3915 1275 3982 duobua
1292 3904 1369 3967 sont·

300 3995 382 4073 uua,
414 3995 620 4066 renonum
652 3997 728 4064 arco
758 4015 794 4066 ee
820 4000 1115 4090 intelligibilibus,
1147 4003 1212 4084 auo
1241 3987 1369 4082 quattu

302 4077 442 4145 flumina
462 4079 499 4144 in
520 4083 717 4148 memoriam
738 4086 927 4166 confluunt,
950 4103 985 4154 et
1004 4109 1109 4154 unum
1125 4081 1254 4175 quidem
1270 4075 1366 4138 flumen

301 4181 341 4228 ex
364 4164 581 4234 inferioribua
601 4185 663 4254 per
684 4169 816 4240 sensum
836 4189 1054 4260 corporeum.
1083 4174 1219 4260 altman
1237 4175 1306 4226 vtw
1322 4161 1365 4232 ss
