<?xml version="1.0" encoding="UTF-8"?>
<!DOCTYPE html PUBLIC "-//W3C//DTD XHTML 1.0 Transitional//EN"
    "http://www.w3.org/TR/xhtml1/DTD/xhtml1-transitional.dtd">
<html xmlns="http://www.w3.org/1999/xhtml" xml:lang="en" lang="en">
 <head>
  <title>
</title>
<meta http-equiv="Content-Type" content="text/html;charset=utf-8" />
  <meta name='ocr-system' content='tesseract 3.04.00' />
  <meta name='ocr-capabilities' content='ocr_page ocr_carea ocr_par ocr_line ocrx_word'/>
</head>
<body>
  <div class='ocr_page' id='page_1' title='image "./dedivisionenatu00eriggoog_0232.png"; bbox 0 0 3048 4856; ppageno 0'>
   <div class='ocr_carea' id='block_1_1' title="bbox 477 199 1250 320">
    <p class='ocr_par' dir='ltr' id='par_1_1' title="bbox 477 199 1250 320">
     <span class='ocr_line' id='line_1_1' title="bbox 477 199 1250 320; baseline 0.005 -35"><span class='ocrx_word' id='word_1_1' title='bbox 477 287 492 298; x_wconf 70' lang='grc'><strong>,,</strong></span> <span class='ocrx_word' id='word_1_2' title='bbox 559 213 665 298; x_wconf 65' lang='lat' dir='ltr'><strong>laidet·</strong></span> <span class='ocrx_word' id='word_1_3' title='bbox 681 213 844 320; x_wconf 59' lang='lat' dir='ltr'><strong>sl&#39;ertitta.</strong></span> <span class='ocrx_word' id='word_1_4' title='bbox 1178 199 1250 290; x_wconf 69' lang='grc'><strong>196</strong></span> 
     </span>
    </p>
   </div>
   <div class='ocr_carea' id='block_1_2' title="bbox 55 399 1354 4236">
    <p class='ocr_par' dir='ltr' id='par_1_2' title="bbox 55 399 1354 4236">
     <span class='ocr_line' id='line_1_2' title="bbox 132 399 1334 488; baseline 0.003 -24"><span class='ocrx_word' id='word_1_5' title='bbox 132 399 231 464; x_wconf 82' lang='lat' dir='ltr'><strong>nium</strong></span> <span class='ocrx_word' id='word_1_6' title='bbox 255 399 339 464; x_wconf 83' lang='lat' dir='ltr'><strong>dem</strong></span> <span class='ocrx_word' id='word_1_7' title='bbox 356 413 454 485; x_wconf 86' lang='lat' dir='ltr'><strong>pater</strong></span> <span class='ocrx_word' id='word_1_8' title='bbox 473 400 659 469; x_wconf 86' lang='lat' dir='ltr'><strong>secundum</strong></span> <span class='ocrx_word' id='word_1_9' title='bbox 680 400 813 476; x_wconf 80' lang='lat' dir='ltr'><strong>eausam</strong></span> <span class='ocrx_word' id='word_1_10' title='bbox 834 411 939 467; x_wconf 84' lang='lat' dir='ltr'><strong>artem</strong></span> <span class='ocrx_word' id='word_1_11' title='bbox 956 401 1048 466; x_wconf 88' lang='lat' dir='ltr'><strong>suam</strong></span> <span class='ocrx_word' id='word_1_12' title='bbox 1064 402 1247 488; x_wconf 86' lang='lat' dir='ltr'><strong>praecedit,</strong></span> <span class='ocrx_word' id='word_1_13' title='bbox 1329 406 1334 416; x_wconf 92' lang='lat'>&#39;</span> 
     </span>
     <span class='ocr_line' id='line_1_3' title="bbox 131 483 1248 569; baseline 0.005 -23"><span class='ocrx_word' id='word_1_14' title='bbox 131 483 255 548; x_wconf 76' lang='lat' dir='ltr'>artifex</span> <span class='ocrx_word' id='word_1_15' title='bbox 277 483 440 569; x_wconf 77' lang='lat' dir='ltr'><strong>siquidem</strong></span> <span class='ocrx_word' id='word_1_16' title='bbox 462 485 657 550; x_wconf 87' lang='lat' dir='ltr'><strong>causasuae</strong></span> <span class='ocrx_word' id='word_1_17' title='bbox 680 486 759 550; x_wconf 83' lang='lat' dir='ltr'><strong>artie</strong></span> <span class='ocrx_word' id='word_1_18' title='bbox 783 486 843 564; x_wconf 78' lang='lat' dir='ltr'><strong>etl,</strong></span> <span class='ocrx_word' id='word_1_19' title='bbox 867 505 918 548; x_wconf 84' lang='lat' dir='ltr'><strong>are</strong></span> <span class='ocrx_word' id='word_1_20' title='bbox 939 499 1053 550; x_wconf 87' lang='lat' dir='ltr'><strong>autem</strong></span> <span class='ocrx_word' id='word_1_21' title='bbox 1076 484 1126 568; x_wconf 83' lang='lat' dir='ltr'><strong>sui</strong></span> <span class='ocrx_word' id='word_1_22' title='bbox 1147 488 1248 569; x_wconf 69' lang='lat' dir='ltr'><strong>artifi-</strong></span> 
     </span>
     <span class='ocr_line' id='line_1_4' title="bbox 130 565 1247 656; baseline 0.005 -26"><span class='ocrx_word' id='word_1_23' title='bbox 130 565 181 630; x_wconf 86' lang='lat' dir='ltr'><strong>cia</strong></span> <span class='ocrx_word' id='word_1_24' title='bbox 201 588 275 652; x_wconf 77' lang='lat' dir='ltr'><strong>non</strong></span> <span class='ocrx_word' id='word_1_25' title='bbox 298 567 342 630; x_wconf 84' lang='lat' dir='ltr'><strong>est</strong></span> <span class='ocrx_word' id='word_1_26' title='bbox 362 569 481 634; x_wconf 87' lang='lat' dir='ltr'><strong>causat</strong></span> <span class='ocrx_word' id='word_1_27' title='bbox 503 568 573 654; x_wconf 90' lang='lat' dir='ltr'><strong>ipsa</strong></span> <span class='ocrx_word' id='word_1_28' title='bbox 594 591 675 635; x_wconf 88' lang='lat' dir='ltr'><strong>vero</strong></span> <span class='ocrx_word' id='word_1_29' title='bbox 698 591 750 634; x_wconf 84' lang='lat' dir='ltr'><strong>are</strong></span> <span class='ocrx_word' id='word_1_30' title='bbox 772 565 945 655; x_wconf 88' lang='lat' dir='ltr'><strong>praecedit</strong></span> <span class='ocrx_word' id='word_1_31' title='bbox 965 567 1081 635; x_wconf 88' lang='lat' dir='ltr'><strong>omnia</strong></span> <span class='ocrx_word' id='word_1_32' title='bbox 1100 591 1189 656; x_wconf 87' lang='lat' dir='ltr'><strong>quae</strong></span> <span class='ocrx_word' id='word_1_33' title='bbox 1209 571 1247 636; x_wconf 90' lang='lat' dir='ltr'><strong>in</strong></span> 
     </span>
     <span class='ocr_line' id='line_1_5' title="bbox 132 653 1324 740; baseline 0.004 -26"><span class='ocrx_word' id='word_1_34' title='bbox 132 665 191 726; x_wconf 82' lang='lat' dir='ltr'><strong>ea,</strong></span> <span class='ocrx_word' id='word_1_35' title='bbox 214 665 250 714; x_wconf 88' lang='lat' dir='ltr'><strong>ct</strong></span> <span class='ocrx_word' id='word_1_36' title='bbox 270 673 332 737; x_wconf 87' lang='lat' dir='ltr'><strong>per</strong></span> <span class='ocrx_word' id='word_1_37' title='bbox 354 672 445 727; x_wconf 89' lang='lat' dir='ltr'><strong>eam,</strong></span> <span class='ocrx_word' id='word_1_38' title='bbox 470 667 506 716; x_wconf 87' lang='lat' dir='ltr'><strong>et</strong></span> <span class='ocrx_word' id='word_1_39' title='bbox 526 654 567 716; x_wconf 88' lang='lat' dir='ltr'><strong>ab</strong></span> <span class='ocrx_word' id='word_1_40' title='bbox 590 673 647 729; x_wconf 91' lang='lat' dir='ltr'><strong>ea,</strong></span> <span class='ocrx_word' id='word_1_41' title='bbox 670 653 861 728; x_wconf 64' lang='lat' dir='ltr'><strong>subustum</strong></span> <span class='ocrx_word' id='word_1_42' title='bbox 884 673 1247 740; x_wconf 75' lang='lat' dir='ltr'><strong>eorumnamquecam</strong></span> <span class='ocrx_word' id='word_1_43' title='bbox 1322 733 1324 738; x_wconf 23' lang='grc' dir='ltr'>Ι</span> 
     </span>
     <span class='ocr_line' id='line_1_6' title="bbox 131 732 1248 830; baseline 0.004 -32"><span class='ocrx_word' id='word_1_44' title='bbox 131 733 242 798; x_wconf 78' lang='lat' dir='ltr'><strong>saell.</strong></span> <span class='ocrx_word' id='word_1_45' title='bbox 285 732 378 800; x_wconf 90' lang='lat' dir='ltr'><strong>Hine</strong></span> <span class='ocrx_word' id='word_1_46' title='bbox 407 734 589 800; x_wconf 83' lang='lat' dir='ltr'><strong>coniicitur</strong></span> <span class='ocrx_word' id='word_1_47' title='bbox 606 735 643 802; x_wconf 90' lang='lat' dir='ltr'><strong>in</strong></span> <span class='ocrx_word' id='word_1_48' title='bbox 691 735 769 802; x_wconf 86' lang='lat' dir='ltr'><strong>atria</strong></span> <span class='ocrx_word' id='word_1_49' title='bbox 792 733 956 830; x_wconf 79' lang='lat' dir='ltr'>sapientia</span> <span class='ocrx_word' id='word_1_50' title='bbox 978 736 1092 801; x_wconf 86' lang='lat' dir='ltr'><strong>omnia</strong></span> <span class='ocrx_word' id='word_1_51' title='bbox 1113 752 1248 820; x_wconf 70' lang='lat' dir='ltr'><strong>aeterna</strong></span> 
     </span>
     <span class='ocr_line' id='line_1_7' title="bbox 131 817 1280 908; baseline 0.003 -26"><span class='ocrx_word' id='word_1_52' title='bbox 131 817 219 892; x_wconf 82' lang='lat' dir='ltr'><strong>else,</strong></span> <span class='ocrx_word' id='word_1_53' title='bbox 245 833 454 908; x_wconf 76' lang='lat' dir='ltr'><strong>nontamen</strong></span> <span class='ocrx_word' id='word_1_54' title='bbox 479 818 510 884; x_wconf 91' lang='lat' dir='ltr'><strong>ei</strong></span> <span class='ocrx_word' id='word_1_55' title='bbox 531 835 647 886; x_wconf 88' lang='lat' dir='ltr'><strong>coaete</strong></span> <span class='ocrx_word' id='word_1_56' title='bbox 691 843 720 885; x_wconf 89' lang='lat' dir='ltr'><strong>a.</strong></span> <span class='ocrx_word' id='word_1_57' title='bbox 762 822 836 886; x_wconf 88' lang='lat' dir='ltr'><strong>Nec</strong></span> <span class='ocrx_word' id='word_1_58' title='bbox 855 821 1054 900; x_wconf 87' lang='lat' dir='ltr'><strong>jamdudum</strong></span> <span class='ocrx_word' id='word_1_59' title='bbox 1074 819 1164 885; x_wconf 89' lang='lat' dir='ltr'><strong>inter</strong></span> <span class='ocrx_word' id='word_1_60' title='bbox 1185 843 1248 886; x_wconf 85' lang='lat' dir='ltr'><strong>noe</strong></span> <span class='ocrx_word' id='word_1_61' title='bbox 1276 897 1280 906; x_wconf 40' lang='grc'><strong>,</strong></span> 
     </span>
     <span class='ocr_line' id='line_1_8' title="bbox 130 900 1247 976; baseline 0.004 -10"><span class='ocrx_word' id='word_1_62' title='bbox 130 900 294 976; x_wconf 71' lang='lat' dir='ltr'><strong>discussa,</strong></span> <span class='ocrx_word' id='word_1_63' title='bbox 320 917 354 966; x_wconf 89' lang='lat' dir='ltr'><strong>et</strong></span> <span class='ocrx_word' id='word_1_64' title='bbox 377 905 419 967; x_wconf 89' lang='lat' dir='ltr'><strong>ad</strong></span> <span class='ocrx_word' id='word_1_65' title='bbox 440 901 674 970; x_wconf 87' lang='lat' dir='ltr'><strong>inconcussum</strong></span> <span class='ocrx_word' id='word_1_66' title='bbox 694 904 818 970; x_wconf 85' lang='lat' dir='ltr'><strong>mentia</strong></span> <span class='ocrx_word' id='word_1_67' title='bbox 840 903 995 969; x_wconf 89' lang='lat' dir='ltr'><strong>habitum</strong></span> <span class='ocrx_word' id='word_1_68' title='bbox 1009 906 1154 969; x_wconf 90' lang='lat' dir='ltr'><strong>deducta</strong></span> <span class='ocrx_word' id='word_1_69' title='bbox 1167 927 1247 974; x_wconf 85' lang='lat' dir='ltr'><strong>vera</strong></span> 
     </span>
     <span class='ocr_line' id='line_1_9' title="bbox 128 983 1248 1074; baseline 0.005 -26"><span class='ocrx_word' id='word_1_70' title='bbox 128 983 281 1058; x_wconf 82' lang='lat' dir='ltr'><strong>ratione,</strong></span> <span class='ocrx_word' id='word_1_71' title='bbox 311 985 548 1074; x_wconf 88' lang='lat' dir='ltr'><strong>sacrorumque</strong></span> <span class='ocrx_word' id='word_1_72' title='bbox 578 1003 713 1074; x_wconf 88' lang='lat' dir='ltr'><strong>patrum</strong></span> <span class='ocrx_word' id='word_1_73' title='bbox 745 985 941 1052; x_wconf 81' lang='lat' dir='ltr'><strong>testimoniit</strong></span> <span class='ocrx_word' id='word_1_74' title='bbox 963 987 1000 1051; x_wconf 92' lang='lat' dir='ltr'><strong>in</strong></span> <span class='ocrx_word' id='word_1_75' title='bbox 1021 991 1089 1054; x_wconf 87' lang='lat' dir='ltr'><strong>hoc</strong></span> <span class='ocrx_word' id='word_1_76' title='bbox 1109 990 1248 1054; x_wconf 85' lang='lat' dir='ltr'><strong>consen·</strong></span> 
     </span>
     <span class='ocr_line' id='line_1_10' title="bbox 127 1066 1331 1158; baseline 0.002 -24"><span class='ocrx_word' id='word_1_77' title='bbox 127 1066 307 1134; x_wconf 82' lang='lat' dir='ltr'><strong>tientihut.</strong></span> <span class='ocrx_word' id='word_1_78' title='bbox 339 1071 431 1135; x_wconf 88' lang='lat' dir='ltr'><strong>Num</strong></span> <span class='ocrx_word' id='word_1_79' title='bbox 451 1070 498 1135; x_wconf 92' lang='lat' dir='ltr'><strong>ita</strong></span> <span class='ocrx_word' id='word_1_80' title='bbox 523 1092 566 1135; x_wconf 90' lang='lat' dir='ltr'><strong>ue</strong></span> <span class='ocrx_word' id='word_1_81' title='bbox 587 1071 683 1136; x_wconf 81' lang='lat' dir='ltr'><strong>videa</strong></span> <span class='ocrx_word' id='word_1_82' title='bbox 704 1075 797 1158; x_wconf 88' lang='lat' dir='ltr'><strong>quod</strong></span> <span class='ocrx_word' id='word_1_83' title='bbox 818 1091 890 1136; x_wconf 92' lang='lat' dir='ltr'><strong>non</strong></span> <span class='ocrx_word' id='word_1_84' title='bbox 907 1069 1077 1136; x_wconf 87' lang='lat' dir='ltr'><strong>immerito</strong></span> <span class='ocrx_word' id='word_1_85' title='bbox 1095 1093 1245 1146; x_wconf 80' lang='lat' dir='ltr'><strong>moveor,</strong></span> <span class='ocrx_word' id='word_1_86' title='bbox 1296 1073 1298 1078; x_wconf 78' lang='grc'>’</span> <span class='ocrx_word' id='word_1_87' title='bbox 1329 1075 1331 1082; x_wconf 80' lang='grc'>’</span> 
     </span>
     <span class='ocr_line' id='line_1_11' title="bbox 126 1093 1248 1242; baseline 0.006 -28"><span class='ocrx_word' id='word_1_88' title='bbox 126 1165 163 1214; x_wconf 84' lang='lat' dir='ltr'><strong>et</strong></span> <span class='ocrx_word' id='word_1_89' title='bbox 200 1150 456 1220; x_wconf 81' lang='lat' dir='ltr'><strong>adversantibue</strong></span> <span class='ocrx_word' id='word_1_90' title='bbox 492 1093 552 1218; x_wconf 65' lang='lat' dir='ltr'><strong>ibi</strong></span> <span class='ocrx_word' id='word_1_91' title='bbox 587 1154 737 1220; x_wconf 86' lang='lat' dir='ltr'><strong>invicem</strong></span> <span class='ocrx_word' id='word_1_92' title='bbox 767 1153 971 1221; x_wconf 85' lang='lat' dir='ltr'><strong>diversarum</strong></span> <span class='ocrx_word' id='word_1_93' title='bbox 998 1154 1248 1242; x_wconf 82' lang='lat' dir='ltr'><strong>cogitationum</strong></span> 
     </span>
     <span class='ocr_line' id='line_1_12' title="bbox 125 1233 1248 1325; baseline 0.005 -27"><span class='ocrx_word' id='word_1_94' title='bbox 125 1233 289 1298; x_wconf 84' lang='lat' dir='ltr'><strong>fluctibue</strong></span> <span class='ocrx_word' id='word_1_95' title='bbox 318 1235 467 1300; x_wconf 73' lang='lat' dir='ltr'><strong>allidor?</strong></span> <span class='ocrx_word' id='word_1_96' title='bbox 502 1259 581 1302; x_wconf 86' lang='lat' dir='ltr'><strong>nam</strong></span> <span class='ocrx_word' id='word_1_97' title='bbox 609 1241 781 1325; x_wconf 90' lang='lat' dir='ltr'><strong>quomodo</strong></span> <span class='ocrx_word' id='word_1_98' title='bbox 810 1241 894 1302; x_wconf 90' lang='lat' dir='ltr'><strong>haec</strong></span> <span class='ocrx_word' id='word_1_99' title='bbox 914 1235 975 1301; x_wconf 86' lang='lat' dir='ltr'><strong>sihi</strong></span> <span class='ocrx_word' id='word_1_100' title='bbox 996 1237 1146 1304; x_wconf 86' lang='lat' dir='ltr'><strong>invicem</strong></span> <span class='ocrx_word' id='word_1_101' title='bbox 1167 1261 1248 1304; x_wconf 89' lang='lat' dir='ltr'><strong>con·</strong></span> 
     </span>
     <span class='ocr_line' id='line_1_13' title="bbox 126 1315 1248 1406; baseline 0.007 -26"><span class='ocrx_word' id='word_1_102' title='bbox 126 1315 247 1380; x_wconf 84' lang='lat' dir='ltr'><strong>venire</strong></span> <span class='ocrx_word' id='word_1_103' title='bbox 268 1319 430 1403; x_wconf 80' lang='lat' dir='ltr'><strong>possunt?</strong></span> <span class='ocrx_word' id='word_1_104' title='bbox 453 1319 476 1382; x_wconf 90' lang='lat' dir='ltr'><strong>st</strong></span> <span class='ocrx_word' id='word_1_105' title='bbox 498 1320 612 1386; x_wconf 88' lang='lat' dir='ltr'><strong>omnia</strong></span> <span class='ocrx_word' id='word_1_106' title='bbox 650 1324 830 1394; x_wconf 75' lang='lat' dir='ltr'><strong>malunt,</strong></span> <span class='ocrx_word' id='word_1_107' title='bbox 853 1319 891 1385; x_wconf 93' lang='lat' dir='ltr'><strong>in</strong></span> <span class='ocrx_word' id='word_1_108' title='bbox 907 1319 1072 1406; x_wconf 85' lang='lat' dir='ltr'>sapientia</span> <span class='ocrx_word' id='word_1_109' title='bbox 1086 1321 1248 1388; x_wconf 80' lang='lat' dir='ltr'><strong>creatrice</strong></span> 
     </span>
     <span class='ocr_line' id='line_1_14' title="bbox 127 1344 1246 1490; baseline 0.006 -26"><span class='ocrx_word' id='word_1_110' title='bbox 127 1416 264 1464; x_wconf 87' lang='lat' dir='ltr'><strong>aeterna</strong></span> <span class='ocrx_word' id='word_1_111' title='bbox 292 1401 390 1475; x_wconf 85' lang='lat' dir='ltr'><strong>sunt,</strong></span> <span class='ocrx_word' id='word_1_112' title='bbox 421 1407 594 1489; x_wconf 81' lang='lat' dir='ltr'><strong>quomodo</strong></span> <span class='ocrx_word' id='word_1_113' title='bbox 623 1344 665 1470; x_wconf 56' lang='lat' dir='ltr'><strong>de</strong></span> <span class='ocrx_word' id='word_1_114' title='bbox 693 1404 803 1470; x_wconf 88' lang='lat' dir='ltr'><strong>nihilo</strong></span> <span class='ocrx_word' id='word_1_115' title='bbox 825 1404 904 1470; x_wconf 90' lang='lat' dir='ltr'><strong>sunt</strong></span> <span class='ocrx_word' id='word_1_116' title='bbox 923 1403 1039 1469; x_wconf 84' lang='lat' dir='ltr'><strong>factal</strong></span> <span class='ocrx_word' id='word_1_117' title='bbox 1072 1409 1246 1490; x_wconf 89' lang='lat' dir='ltr'><strong>quomodo</strong></span> 
     </span>
     <span class='ocr_line' id='line_1_15' title="bbox 126 1483 1244 1576; baseline 0.004 -27"><span class='ocrx_word' id='word_1_118' title='bbox 126 1483 220 1549; x_wconf 88' lang='lat' dir='ltr'><strong>cuim</strong></span> <span class='ocrx_word' id='word_1_119' title='bbox 251 1485 358 1568; x_wconf 87' lang='lat' dir='ltr'><strong>potest</strong></span> <span class='ocrx_word' id='word_1_120' title='bbox 379 1501 554 1552; x_wconf 86' lang='lat' dir='ltr'><strong>aeternum</strong></span> <span class='ocrx_word' id='word_1_121' title='bbox 577 1487 658 1563; x_wconf 87' lang='lat' dir='ltr'><strong>elle,</strong></span> <span class='ocrx_word' id='word_1_122' title='bbox 688 1491 788 1576; x_wconf 86' lang='lat' dir='ltr'><strong>¹quod</strong></span> <span class='ocrx_word' id='word_1_123' title='bbox 807 1487 1004 1576; x_wconf 86' lang='lat' dir='ltr'><strong>priutquam</strong></span> <span class='ocrx_word' id='word_1_124' title='bbox 1025 1486 1143 1565; x_wconf 86' lang='lat' dir='ltr'><strong>fieret,</strong></span> <span class='ocrx_word' id='word_1_125' title='bbox 1172 1489 1244 1556; x_wconf 82' lang='lat' dir='ltr'><strong>tion</strong></span> 
     </span>
     <span class='ocr_line' id='line_1_16' title="bbox 125 1567 1244 1658; baseline 0.003 -26"><span class='ocrx_word' id='word_1_126' title='bbox 125 1567 222 1632; x_wconf 81' lang='lat' dir='ltr'><strong>erat‘l</strong></span> <span class='ocrx_word' id='word_1_127' title='bbox 245 1581 304 1635; x_wconf 88' lang='lat' dir='ltr'><strong>aut</strong></span> <span class='ocrx_word' id='word_1_128' title='bbox 317 1571 418 1654; x_wconf 42' lang='lat' dir='ltr'><strong>*quod</strong></span> <span class='ocrx_word' id='word_1_129' title='bbox 438 1567 564 1656; x_wconf 82' lang='lat' dir='ltr'><strong>incipit</strong></span> <span class='ocrx_word' id='word_1_130' title='bbox 584 1571 646 1634; x_wconf 83' lang='lat' dir='ltr'><strong>effe</strong></span> <span class='ocrx_word' id='word_1_131' title='bbox 667 1569 704 1636; x_wconf 91' lang='lat' dir='ltr'><strong>in</strong></span> <span class='ocrx_word' id='word_1_132' title='bbox 726 1588 795 1636; x_wconf 88' lang='lat' dir='ltr'><strong>tem</strong></span> <span class='ocrx_word' id='word_1_133' title='bbox 821 1591 897 1648; x_wconf 88' lang='lat' dir='ltr'><strong>ore,</strong></span> <span class='ocrx_word' id='word_1_134' title='bbox 924 1586 958 1635; x_wconf 90' lang='lat' dir='ltr'><strong>et</strong></span> <span class='ocrx_word' id='word_1_135' title='bbox 979 1591 1058 1638; x_wconf 91' lang='lat' dir='ltr'><strong>cum</strong></span> <span class='ocrx_word' id='word_1_136' title='bbox 1079 1586 1244 1658; x_wconf 87' lang='lat' dir='ltr'><strong>tempore,</strong></span> 
     </span>
     <span class='ocr_line' id='line_1_17' title="bbox 127 1595 1243 1752; baseline 0.003 -37"><span class='ocrx_word' id='word_1_137' title='bbox 127 1653 300 1749; x_wconf 78' lang='lat' dir='ltr'><strong>quomodo</strong></span> <span class='ocrx_word' id='word_1_138' title='bbox 323 1652 430 1738; x_wconf 91' lang='lat' dir='ltr'><strong>potest</strong></span> <span class='ocrx_word' id='word_1_139' title='bbox 451 1653 514 1742; x_wconf 87' lang='lat' dir='ltr'><strong>else</strong></span> <span class='ocrx_word' id='word_1_140' title='bbox 534 1652 572 1716; x_wconf 92' lang='lat' dir='ltr'><strong>in</strong></span> <span class='ocrx_word' id='word_1_141' title='bbox 595 1595 819 1734; x_wconf 69' lang='lat' dir='ltr'><strong>aeternitatel</strong></span> <span class='ocrx_word' id='word_1_142' title='bbox 843 1675 945 1720; x_wconf 92' lang='lat' dir='ltr'><strong>omne</strong></span> <span class='ocrx_word' id='word_1_143' title='bbox 960 1654 1124 1752; x_wconf 80' lang='lat' dir='ltr'><strong>liquidem</strong></span> <span class='ocrx_word' id='word_1_144' title='bbox 1140 1669 1243 1722; x_wconf 88' lang='lat' dir='ltr'><strong>aeter-</strong></span> 
     </span>
     <span class='ocr_line' id='line_1_18' title="bbox 127 1735 1244 1822; baseline 0 -22"><span class='ocrx_word' id='word_1_145' title='bbox 127 1735 246 1802; x_wconf 76' lang='lat' dir='ltr'><strong>nium</strong></span> <span class='ocrx_word' id='word_1_146' title='bbox 269 1735 441 1821; x_wconf 74' lang='lat' dir='ltr'><strong>particeps</strong></span> <span class='ocrx_word' id='word_1_147' title='bbox 464 1757 530 1800; x_wconf 89' lang='lat' dir='ltr'><strong>nec</strong></span> <span class='ocrx_word' id='word_1_148' title='bbox 550 1735 675 1822; x_wconf 86' lang='lat' dir='ltr'><strong>incipit</strong></span> <span class='ocrx_word' id='word_1_149' title='bbox 697 1739 779 1809; x_wconf 83' lang='lat' dir='ltr'><strong>esse.</strong></span> <span class='ocrx_word' id='word_1_150' title='bbox 814 1758 879 1800; x_wconf 90' lang='lat' dir='ltr'><strong>nec</strong></span> <span class='ocrx_word' id='word_1_151' title='bbox 900 1738 1039 1810; x_wconf 82' lang='lat' dir='ltr'><strong>defin1t3</strong></span> <span class='ocrx_word' id='word_1_152' title='bbox 1097 1741 1168 1802; x_wconf 92' lang='lat' dir='ltr'><strong>uod</strong></span> <span class='ocrx_word' id='word_1_153' title='bbox 1187 1743 1244 1802; x_wconf 82' lang='lat' dir='ltr'><strong>au·</strong></span> 
     </span>
     <span class='ocr_line' id='line_1_19' title="bbox 127 1761 1244 1906; baseline 0.003 -24"><span class='ocrx_word' id='word_1_154' title='bbox 127 1833 197 1884; x_wconf 87' lang='lat' dir='ltr'><strong>tem</strong></span> <span class='ocrx_word' id='word_1_155' title='bbox 216 1837 286 1882; x_wconf 90' lang='lat' dir='ltr'><strong>non</strong></span> <span class='ocrx_word' id='word_1_156' title='bbox 310 1833 396 1893; x_wconf 84' lang='lat' dir='ltr'><strong>erat,</strong></span> <span class='ocrx_word' id='word_1_157' title='bbox 421 1833 456 1882; x_wconf 92' lang='lat' dir='ltr'><strong>et</strong></span> <span class='ocrx_word' id='word_1_158' title='bbox 471 1817 595 1904; x_wconf 86' lang='lat' dir='ltr'><strong>incipit</strong></span> <span class='ocrx_word' id='word_1_159' title='bbox 609 1820 690 1894; x_wconf 84' lang='lat' dir='ltr'><strong>elle,</strong></span> <span class='ocrx_word' id='word_1_160' title='bbox 714 1818 900 1888; x_wconf 87' lang='lat' dir='ltr'><strong>necessario</strong></span> <span class='ocrx_word' id='word_1_161' title='bbox 913 1819 1039 1882; x_wconf 75' lang='lat' dir='ltr'><strong>desinet</strong></span> <span class='ocrx_word' id='word_1_162' title='bbox 1052 1761 1127 1895; x_wconf 64' lang='lat' dir='ltr'><strong>eie,</strong></span> <span class='ocrx_word' id='word_1_163' title='bbox 1146 1822 1244 1906; x_wconf 84' lang='lat' dir='ltr'><strong>quod</strong></span> 
     </span>
     <span class='ocr_line' id='line_1_20' title="bbox 123 1899 1242 1998; baseline -0.002 -28"><span class='ocrx_word' id='word_1_164' title='bbox 123 1902 188 1982; x_wconf 74' lang='lat' dir='ltr'><strong>est3</strong></span> <span class='ocrx_word' id='word_1_165' title='bbox 212 1921 312 1966; x_wconf 89' lang='lat' dir='ltr'><strong>omne</strong></span> <span class='ocrx_word' id='word_1_166' title='bbox 333 1921 481 1988; x_wconf 86' lang='lat' dir='ltr'><strong>namque</strong></span> <span class='ocrx_word' id='word_1_167' title='bbox 503 1904 595 1998; x_wconf 80' lang='lat' dir='ltr'><strong>quod</strong></span> <span class='ocrx_word' id='word_1_168' title='bbox 615 1899 717 1964; x_wconf 88' lang='lat' dir='ltr'><strong>initio</strong></span> <span class='ocrx_word' id='word_1_169' title='bbox 739 1922 810 1964; x_wconf 92' lang='lat' dir='ltr'><strong>non</strong></span> <span class='ocrx_word' id='word_1_170' title='bbox 828 1915 935 1974; x_wconf 87' lang='lat' dir='ltr'><strong>caret,</strong></span> <span class='ocrx_word' id='word_1_171' title='bbox 956 1901 1028 1964; x_wconf 86' lang='lat' dir='ltr'><strong>fine</strong></span> <span class='ocrx_word' id='word_1_172' title='bbox 1043 1923 1155 1966; x_wconf 87' lang='lat' dir='ltr'><strong>carere</strong></span> <span class='ocrx_word' id='word_1_173' title='bbox 1170 1924 1242 1968; x_wconf 88' lang='lat' dir='ltr'><strong>non</strong></span> 
     </span>
     <span class='ocr_line' id='line_1_21' title="bbox 123 1981 1244 2072; baseline 0.002 -22"><span class='ocrx_word' id='word_1_174' title='bbox 123 1984 243 2072; x_wconf 76' lang='lat' dir='ltr'><strong>potest.</strong></span> <span class='ocrx_word' id='word_1_175' title='bbox 288 1985 365 2050; x_wconf 85' lang='lat' dir='ltr'><strong>Non</strong></span> <span class='ocrx_word' id='word_1_176' title='bbox 399 1983 555 2064; x_wconf 83' lang='lat' dir='ltr'><strong>invento</strong></span> <span class='ocrx_word' id='word_1_177' title='bbox 576 1981 692 2068; x_wconf 87' lang='lat' dir='ltr'><strong>itaque</strong></span> <span class='ocrx_word' id='word_1_178' title='bbox 714 1985 886 2068; x_wconf 86' lang='lat' dir='ltr'><strong>quomodo</strong></span> <span class='ocrx_word' id='word_1_179' title='bbox 907 1985 992 2046; x_wconf 89' lang='lat' dir='ltr'><strong>haec</strong></span> <span class='ocrx_word' id='word_1_180' title='bbox 1012 1983 1072 2046; x_wconf 89' lang='lat' dir='ltr'><strong>libi</strong></span> <span class='ocrx_word' id='word_1_181' title='bbox 1093 1984 1244 2053; x_wconf 87' lang='lat' dir='ltr'><strong>invicem</strong></span> 
     </span>
     <span class='ocr_line' id='line_1_22' title="bbox 123 2063 1243 2153; baseline -0.002 -19"><span class='ocrx_word' id='word_1_182' title='bbox 123 2089 195 2134; x_wconf 88' lang='lat' dir='ltr'><strong>uon</strong></span> <span class='ocrx_word' id='word_1_183' title='bbox 218 2081 438 2153; x_wconf 85' lang='lat' dir='ltr'><strong>oppugnant:</strong></span> <span class='ocrx_word' id='word_1_184' title='bbox 475 2087 541 2151; x_wconf 90' lang='lat' dir='ltr'><strong>qua</strong></span> <span class='ocrx_word' id='word_1_185' title='bbox 561 2064 713 2139; x_wconf 85' lang='lat' dir='ltr'><strong>ratione,</strong></span> <span class='ocrx_word' id='word_1_186' title='bbox 750 2079 784 2128; x_wconf 90' lang='lat' dir='ltr'><strong>et</strong></span> <span class='ocrx_word' id='word_1_187' title='bbox 805 2063 919 2128; x_wconf 88' lang='lat' dir='ltr'><strong>omnia</strong></span> <span class='ocrx_word' id='word_1_188' title='bbox 941 2063 977 2128; x_wconf 93' lang='lat' dir='ltr'><strong>in</strong></span> <span class='ocrx_word' id='word_1_189' title='bbox 1000 2065 1165 2151; x_wconf 86' lang='lat' dir='ltr'><strong>sapientia</strong></span> <span class='ocrx_word' id='word_1_190' title='bbox 1187 2069 1243 2142; x_wconf 86' lang='lat' dir='ltr'><strong>dei</strong></span> 
     </span>
     <span class='ocr_line' id='line_1_23' title="bbox 124 2146 1244 2245; baseline -0.002 -29"><span class='ocrx_word' id='word_1_191' title='bbox 124 2167 261 2218; x_wconf 85' lang='lat' dir='ltr'><strong>aeterua</strong></span> <span class='ocrx_word' id='word_1_192' title='bbox 282 2150 376 2221; x_wconf 86' lang='lat' dir='ltr'><strong>sunt.</strong></span> <span class='ocrx_word' id='word_1_193' title='bbox 410 2165 445 2212; x_wconf 90' lang='lat' dir='ltr'><strong>et</strong></span> <span class='ocrx_word' id='word_1_194' title='bbox 466 2151 508 2212; x_wconf 89' lang='lat' dir='ltr'><strong>de</strong></span> <span class='ocrx_word' id='word_1_195' title='bbox 529 2147 640 2220; x_wconf 89' lang='lat' dir='ltr'><strong>nihilo</strong></span> <span class='ocrx_word' id='word_1_196' title='bbox 661 2148 766 2222; x_wconf 85' lang='lat' dir='ltr'><strong>sacta,</strong></span> <span class='ocrx_word' id='word_1_197' title='bbox 788 2149 856 2212; x_wconf 90' lang='lat' dir='ltr'><strong>hoc</strong></span> <span class='ocrx_word' id='word_1_198' title='bbox 878 2146 939 2222; x_wconf 84' lang='lat' dir='ltr'><strong>est,</strong></span> <span class='ocrx_word' id='word_1_199' title='bbox 967 2147 1164 2245; x_wconf 83' lang='lat' dir='ltr'><strong>priusquam</strong></span> <span class='ocrx_word' id='word_1_200' title='bbox 1186 2150 1244 2216; x_wconf 60' lang='lat' dir='ltr'><strong>fiess</strong></span> 
     </span>
     <span class='ocr_line' id='line_1_24' title="bbox 121 2227 1241 2318; baseline -0.002 -18"><span class='ocrx_word' id='word_1_201' title='bbox 121 2249 219 2308; x_wconf 85' lang='lat' dir='ltr'><strong>rent,</strong></span> <span class='ocrx_word' id='word_1_202' title='bbox 240 2252 313 2298; x_wconf 91' lang='lat' dir='ltr'><strong>non</strong></span> <span class='ocrx_word' id='word_1_203' title='bbox 336 2247 451 2318; x_wconf 86' lang='lat' dir='ltr'><strong>erant;</strong></span> <span class='ocrx_word' id='word_1_204' title='bbox 470 2231 532 2294; x_wconf 86' lang='lat' dir='ltr'><strong>nist</strong></span> <span class='ocrx_word' id='word_1_205' title='bbox 554 2231 641 2294; x_wconf 88' lang='lat' dir='ltr'><strong>sorte</strong></span> <span class='ocrx_word' id='word_1_206' title='bbox 664 2229 739 2316; x_wconf 84' lang='lat' dir='ltr'><strong>quie</strong></span> <span class='ocrx_word' id='word_1_207' title='bbox 762 2227 853 2294; x_wconf 92' lang='lat' dir='ltr'><strong>dicat</strong></span> <span class='ocrx_word' id='word_1_208' title='bbox 872 2229 1106 2318; x_wconf 72' lang='lat' dir='ltr'><strong>primordiales</strong></span> <span class='ocrx_word' id='word_1_209' title='bbox 1129 2255 1241 2298; x_wconf 87' lang='lat' dir='ltr'><strong>rerum</strong></span> 
     </span>
     <span class='ocr_line' id='line_1_25' title="bbox 120 2311 1240 2414; baseline -0.003 -30"><span class='ocrx_word' id='word_1_210' title='bbox 120 2315 280 2384; x_wconf 88' lang='lat' dir='ltr'><strong>omnium</strong></span> <span class='ocrx_word' id='word_1_211' title='bbox 309 2315 421 2382; x_wconf 82' lang='lat' dir='ltr'><strong>causas</strong></span> <span class='ocrx_word' id='word_1_212' title='bbox 452 2312 488 2378; x_wconf 90' lang='lat' dir='ltr'><strong>in</strong></span> <span class='ocrx_word' id='word_1_213' title='bbox 523 2312 687 2414; x_wconf 88' lang='lat' dir='ltr'><strong>sapientia</strong></span> <span class='ocrx_word' id='word_1_214' title='bbox 716 2311 821 2400; x_wconf 85' lang='lat' dir='ltr'><strong>patrie</strong></span> <span class='ocrx_word' id='word_1_215' title='bbox 841 2315 971 2400; x_wconf 89' lang='lat' dir='ltr'><strong>semper</strong></span> <span class='ocrx_word' id='word_1_216' title='bbox 994 2315 1056 2378; x_wconf 86' lang='lat' dir='ltr'><strong>else</strong></span> <span class='ocrx_word' id='word_1_217' title='bbox 1078 2316 1240 2391; x_wconf 82' lang='lat' dir='ltr'><strong>aeternae.</strong></span> 
     </span>
     <span class='ocr_line' id='line_1_26' title="bbox 119 2395 1241 2486; baseline -0.002 -20"><span class='ocrx_word' id='word_1_218' title='bbox 119 2401 306 2466; x_wconf 86' lang='lat' dir='ltr'><strong>insonnem</strong></span> <span class='ocrx_word' id='word_1_219' title='bbox 335 2420 431 2467; x_wconf 78' lang='lat' dir='ltr'><strong>vero,</strong></span> <span class='ocrx_word' id='word_1_220' title='bbox 447 2413 641 2471; x_wconf 77' lang='lat' dir='ltr'><strong>materiem,</strong></span> <span class='ocrx_word' id='word_1_221' title='bbox 675 2395 711 2460; x_wconf 91' lang='lat' dir='ltr'><strong>in</strong></span> <span class='ocrx_word' id='word_1_222' title='bbox 735 2419 800 2484; x_wconf 89' lang='lat' dir='ltr'><strong>qua</strong></span> <span class='ocrx_word' id='word_1_223' title='bbox 825 2412 859 2460; x_wconf 89' lang='lat' dir='ltr'><strong>et</strong></span> <span class='ocrx_word' id='word_1_224' title='bbox 878 2420 940 2484; x_wconf 86' lang='lat' dir='ltr'><strong>per</strong></span> <span class='ocrx_word' id='word_1_225' title='bbox 960 2419 1061 2486; x_wconf 90' lang='lat' dir='ltr'><strong>quam</strong></span> <span class='ocrx_word' id='word_1_226' title='bbox 1076 2398 1118 2462; x_wconf 87' lang='lat' dir='ltr'><strong>in</strong></span> <span class='ocrx_word' id='word_1_227' title='bbox 1143 2399 1241 2465; x_wconf 87' lang='lat' dir='ltr'><strong>essec-</strong></span> 
     </span>
     <span class='ocr_line' id='line_1_27' title="bbox 123 2478 1241 2568; baseline -0.002 -19"><span class='ocrx_word' id='word_1_228' title='bbox 123 2501 178 2550; x_wconf 80' lang='lat' dir='ltr'><strong>tue</strong></span> <span class='ocrx_word' id='word_1_229' title='bbox 208 2485 286 2548; x_wconf 82' lang='lat' dir='ltr'><strong>suoe</strong></span> <span class='ocrx_word' id='word_1_230' title='bbox 317 2505 378 2568; x_wconf 92' lang='lat' dir='ltr'><strong>per</strong></span> <span class='ocrx_word' id='word_1_231' title='bbox 404 2480 661 2568; x_wconf 82' lang='lat' dir='ltr'><strong>generationem</strong></span> <span class='ocrx_word' id='word_1_232' title='bbox 679 2479 889 2568; x_wconf 85' lang='lat' dir='ltr'><strong>proveniunt</strong></span> <span class='ocrx_word' id='word_1_233' title='bbox 909 2478 946 2544; x_wconf 90' lang='lat' dir='ltr'><strong>in</strong></span> <span class='ocrx_word' id='word_1_234' title='bbox 968 2503 1091 2568; x_wconf 85' lang='lat' dir='ltr'><strong>genera</strong></span> <span class='ocrx_word' id='word_1_235' title='bbox 1115 2483 1187 2548; x_wconf 86' lang='lat' dir='ltr'><strong>ets</strong></span> <span class='ocrx_word' id='word_1_236' title='bbox 1210 2505 1241 2547; x_wconf 91' lang='lat' dir='ltr'><strong>e·</strong></span> 
     </span>
     <span class='ocr_line' id='line_1_28' title="bbox 121 2507 1242 2654; baseline -0.003 -20"><span class='ocrx_word' id='word_1_237' title='bbox 121 2567 192 2634; x_wconf 78' lang='lat' dir='ltr'><strong>cieo</strong></span> <span class='ocrx_word' id='word_1_238' title='bbox 222 2565 345 2654; x_wconf 81' lang='lat' dir='ltr'><strong>quibua</strong></span> <span class='ocrx_word' id='word_1_239' title='bbox 373 2567 522 2632; x_wconf 74' lang='lat' dir='ltr'><strong>mundus</strong></span> <span class='ocrx_word' id='word_1_240' title='bbox 551 2563 731 2650; x_wconf 88' lang='lat' dir='ltr'><strong>impletur,</strong></span> <span class='ocrx_word' id='word_1_241' title='bbox 765 2577 934 2630; x_wconf 85' lang='lat' dir='ltr'><strong>aeternam</strong></span> <span class='ocrx_word' id='word_1_242' title='bbox 964 2585 1036 2630; x_wconf 92' lang='lat' dir='ltr'><strong>non</strong></span> <span class='ocrx_word' id='word_1_243' title='bbox 1067 2567 1148 2630; x_wconf 84' lang='lat' dir='ltr'><strong>esset</strong></span> <span class='ocrx_word' id='word_1_244' title='bbox 1184 2507 1242 2632; x_wconf 71' lang='lat' dir='ltr'><strong>ied</strong></span> 
     </span>
     <span class='ocr_line' id='line_1_29' title="bbox 145 2647 1242 2738; baseline 0.001 -24"><span class='ocrx_word' id='word_1_245' title='bbox 145 2649 277 2736; x_wconf 84' lang='lat' dir='ltr'><strong>uiaqnit</strong></span> <span class='ocrx_word' id='word_1_246' title='bbox 298 2647 366 2712; x_wconf 92' lang='lat' dir='ltr'><strong>hoc</strong></span> <span class='ocrx_word' id='word_1_247' title='bbox 388 2647 526 2722; x_wconf 76' lang='lat' dir='ltr'><strong>dirimit,</strong></span> <span class='ocrx_word' id='word_1_248' title='bbox 559 2663 700 2738; x_wconf 77' lang='lat' dir='ltr'><strong>cogetur</strong></span> <span class='ocrx_word' id='word_1_249' title='bbox 720 2647 837 2723; x_wconf 88' lang='lat' dir='ltr'><strong>fateri,</strong></span> <span class='ocrx_word' id='word_1_250' title='bbox 870 2647 1045 2714; x_wconf 88' lang='lat' dir='ltr'><strong>materiam</strong></span> <span class='ocrx_word' id='word_1_251' title='bbox 1068 2652 1110 2714; x_wconf 88' lang='lat' dir='ltr'><strong>de</strong></span> <span class='ocrx_word' id='word_1_252' title='bbox 1131 2649 1242 2715; x_wconf 86' lang='lat' dir='ltr'><strong>nihilo</strong></span> 
     </span>
     <span class='ocr_line' id='line_1_30' title="bbox 122 2673 1241 2798; baseline -0.004 0"><span class='ocrx_word' id='word_1_253' title='bbox 122 2673 248 2798; x_wconf 72' lang='lat' dir='ltr'><strong>iactam</strong></span> <span class='ocrx_word' id='word_1_254' title='bbox 269 2729 444 2798; x_wconf 84' lang='lat' dir='ltr'><strong>causaliter</strong></span> <span class='ocrx_word' id='word_1_255' title='bbox 463 2729 553 2794; x_wconf 87' lang='lat' dir='ltr'><strong>intra</strong></span> <span class='ocrx_word' id='word_1_256' title='bbox 575 2747 726 2796; x_wconf 83' lang='lat' dir='ltr'><strong>aeternae</strong></span> <span class='ocrx_word' id='word_1_257' title='bbox 747 2753 858 2794; x_wconf 87' lang='lat' dir='ltr'><strong>rerum</strong></span> <span class='ocrx_word' id='word_1_258' title='bbox 882 2731 996 2796; x_wconf 84' lang='lat' dir='ltr'><strong>causae</strong></span> <span class='ocrx_word' id='word_1_259' title='bbox 1018 2752 1090 2796; x_wconf 93' lang='lat' dir='ltr'><strong>non</strong></span> <span class='ocrx_word' id='word_1_260' title='bbox 1110 2753 1241 2796; x_wconf 86' lang='lat' dir='ltr'><strong>connu-</strong></span> 
     </span>
     <span class='ocr_line' id='line_1_31' title="bbox 123 2813 1243 2887; baseline -0.006 -6"><span class='ocrx_word' id='word_1_261' title='bbox 123 2818 331 2881; x_wconf 75' lang='lat' dir='ltr'><strong>merandam.</strong></span> <span class='ocrx_word' id='word_1_262' title='bbox 371 2813 462 2884; x_wconf 81' lang='lat' dir='ltr'><strong>Etsi</strong></span> <span class='ocrx_word' id='word_1_263' title='bbox 483 2815 551 2878; x_wconf 92' lang='lat' dir='ltr'><strong>hoc</strong></span> <span class='ocrx_word' id='word_1_264' title='bbox 571 2813 785 2887; x_wconf 88' lang='lat' dir='ltr'><strong>concesserit,</strong></span> <span class='ocrx_word' id='word_1_265' title='bbox 816 2813 995 2876; x_wconf 87' lang='lat' dir='ltr'><strong>necessario</strong></span> <span class='ocrx_word' id='word_1_266' title='bbox 1015 2813 1243 2876; x_wconf 86' lang='lat' dir='ltr'><strong>concludetur</strong></span> 
     </span>
     <span class='ocr_line' id='line_1_32' title="bbox 128 2893 1242 2991; baseline -0.003 -28"><span class='ocrx_word' id='word_1_267' title='bbox 128 2915 167 2964; x_wconf 88' lang='lat' dir='ltr'><strong>et</strong></span> <span class='ocrx_word' id='word_1_268' title='bbox 187 2914 325 2984; x_wconf 87' lang='lat' dir='ltr'><strong>cogetur</strong></span> <span class='ocrx_word' id='word_1_269' title='bbox 345 2899 423 2962; x_wconf 88' lang='lat' dir='ltr'><strong>dare</strong></span> <span class='ocrx_word' id='word_1_270' title='bbox 444 2917 517 2962; x_wconf 89' lang='lat' dir='ltr'><strong>non</strong></span> <span class='ocrx_word' id='word_1_271' title='bbox 539 2893 655 2960; x_wconf 91' lang='lat' dir='ltr'><strong>omnia</strong></span> <span class='ocrx_word' id='word_1_272' title='bbox 680 2895 736 2958; x_wconf 89' lang='lat' dir='ltr'><strong>sed</strong></span> <span class='ocrx_word' id='word_1_273' title='bbox 757 2897 919 2980; x_wconf 89' lang='lat' dir='ltr'><strong>quaedam</strong></span> <span class='ocrx_word' id='word_1_274' title='bbox 941 2895 978 2958; x_wconf 92' lang='lat' dir='ltr'><strong>in</strong></span> <span class='ocrx_word' id='word_1_275' title='bbox 1000 2893 1165 2991; x_wconf 83' lang='lat' dir='ltr'><strong>sapientia</strong></span> <span class='ocrx_word' id='word_1_276' title='bbox 1185 2915 1242 2980; x_wconf 88' lang='lat' dir='ltr'><strong>pa·</strong></span> 
     </span>
     <span class='ocr_line' id='line_1_33' title="bbox 126 2976 1242 3055; baseline -0.004 -9"><span class='ocrx_word' id='word_1_277' title='bbox 126 2980 188 3046; x_wconf 82' lang='lat' dir='ltr'><strong>tria</strong></span> <span class='ocrx_word' id='word_1_278' title='bbox 217 2997 351 3055; x_wconf 77' lang='lat' dir='ltr'><strong>,aeterna</strong></span> <span class='ocrx_word' id='word_1_279' title='bbox 386 2979 460 3046; x_wconf 88' lang='lat' dir='ltr'><strong>elle.</strong></span> <span class='ocrx_word' id='word_1_280' title='bbox 505 2977 684 3044; x_wconf 86' lang='lat' dir='ltr'><strong>Materiem</strong></span> <span class='ocrx_word' id='word_1_281' title='bbox 706 2992 819 3040; x_wconf 89' lang='lat' dir='ltr'><strong>autem</strong></span> <span class='ocrx_word' id='word_1_282' title='bbox 839 2976 1021 3042; x_wconf 87' lang='lat' dir='ltr'><strong>informem</strong></span> <span class='ocrx_word' id='word_1_283' title='bbox 1040 2999 1078 3041; x_wconf 88' lang='lat' dir='ltr'><strong>rn</strong></span> <span class='ocrx_word' id='word_1_284' title='bbox 1097 2997 1242 3042; x_wconf 83' lang='lat' dir='ltr'><strong>numero</strong></span> 
     </span>
     <span class='ocr_line' id='line_1_34' title="bbox 55 3057 1243 3151; baseline -0.008 -18"><span class='ocrx_word' id='word_1_285' title='bbox 55 3109 60 3114; x_wconf 93' lang='lat'>-</span> <span class='ocrx_word' id='word_1_286' title='bbox 124 3063 281 3133; x_wconf 83' lang='lat' dir='ltr'><strong>omnium</strong></span> <span class='ocrx_word' id='word_1_287' title='bbox 311 3085 396 3151; x_wconf 87' lang='lat' dir='ltr'><strong>quac</strong></span> <span class='ocrx_word' id='word_1_288' title='bbox 423 3085 445 3128; x_wconf 85' lang='lat' dir='ltr'><strong>a</strong></span> <span class='ocrx_word' id='word_1_289' title='bbox 472 3067 548 3128; x_wconf 91' lang='lat' dir='ltr'><strong>Deo</strong></span> <span class='ocrx_word' id='word_1_290' title='bbox 575 3062 665 3126; x_wconf 86' lang='lat' dir='ltr'><strong>sacta</strong></span> <span class='ocrx_word' id='word_1_291' title='bbox 692 3061 771 3126; x_wconf 89' lang='lat' dir='ltr'><strong>sunt</strong></span> <span class='ocrx_word' id='word_1_292' title='bbox 789 3058 827 3122; x_wconf 90' lang='lat' dir='ltr'><strong>in</strong></span> <span class='ocrx_word' id='word_1_293' title='bbox 851 3057 1014 3144; x_wconf 84' lang='lat' dir='ltr'><strong>sapientia</strong></span> <span class='ocrx_word' id='word_1_294' title='bbox 1034 3060 1093 3124; x_wconf 88' lang='lat' dir='ltr'><strong>sua</strong></span> <span class='ocrx_word' id='word_1_295' title='bbox 1112 3079 1243 3125; x_wconf 87' lang='lat' dir='ltr'><strong>conuu-</strong></span> 
     </span>
     <span class='ocr_line' id='line_1_35' title="bbox 122 3141 1242 3288; baseline -0.009 -70"><span class='ocrx_word' id='word_1_296' title='bbox 122 3147 266 3223; x_wconf 70' lang='lat' dir='ltr'><strong>mnan,</strong></span> <span class='ocrx_word' id='word_1_297' title='bbox 287 3168 390 3212; x_wconf 88' lang='lat' dir='ltr'><strong>nemo</strong></span> <span class='ocrx_word' id='word_1_298' title='bbox 411 3161 503 3212; x_wconf 89' lang='lat' dir='ltr'><strong>recte</strong></span> <span class='ocrx_word' id='word_1_299' title='bbox 521 3141 840 3232; x_wconf 89' lang='lat' dir='ltr'><strong>Philosophantium</strong></span> <span class='ocrx_word' id='word_1_300' title='bbox 855 3141 1047 3230; x_wconf 84' lang='lat' dir='ltr'><strong>abnegarit:</strong></span> <span class='ocrx_word' id='word_1_301' title='bbox 1068 3145 1242 3288; x_wconf 68' lang='lat' dir='ltr'><strong>puomodo</strong></span> 
     </span>
     <span class='ocr_line' id='line_1_36' title="bbox 123 3223 1241 3297; baseline -0.006 0"><span class='ocrx_word' id='word_1_302' title='bbox 123 3232 219 3297; x_wconf 85' lang='lat' dir='ltr'><strong>enim</strong></span> <span class='ocrx_word' id='word_1_303' title='bbox 239 3252 352 3296; x_wconf 84' lang='lat' dir='ltr'><strong>rerum</strong></span> <span class='ocrx_word' id='word_1_304' title='bbox 375 3229 529 3296; x_wconf 88' lang='lat' dir='ltr'><strong>omnium</strong></span> <span class='ocrx_word' id='word_1_305' title='bbox 549 3230 662 3294; x_wconf 79' lang='lat' dir='ltr'><strong>causae</strong></span> <span class='ocrx_word' id='word_1_306' title='bbox 684 3226 721 3292; x_wconf 89' lang='lat' dir='ltr'><strong>in</strong></span> <span class='ocrx_word' id='word_1_307' title='bbox 740 3228 844 3290; x_wconf 86' lang='lat' dir='ltr'><strong>verbo</strong></span> <span class='ocrx_word' id='word_1_308' title='bbox 865 3223 920 3290; x_wconf 89' lang='lat' dir='ltr'><strong>dei</strong></span> <span class='ocrx_word' id='word_1_309' title='bbox 935 3239 1068 3296; x_wconf 85' lang='lat' dir='ltr'><strong>aeterna</strong></span> <span class='ocrx_word' id='word_1_310' title='bbox 1083 3240 1148 3290; x_wconf 87' lang='lat' dir='ltr'><strong>tter</strong></span> <span class='ocrx_word' id='word_1_311' title='bbox 1162 3247 1241 3290; x_wconf 91' lang='lat' dir='ltr'><strong>con·</strong></span> 
     </span>
     <span class='ocr_line' id='line_1_37' title="bbox 124 3307 1241 3396; baseline -0.007 -16"><span class='ocrx_word' id='word_1_312' title='bbox 124 3316 213 3384; x_wconf 81' lang='lat' dir='ltr'><strong>ditae</strong></span> <span class='ocrx_word' id='word_1_313' title='bbox 235 3315 318 3390; x_wconf 80' lang='lat' dir='ltr'><strong>elle,</strong></span> <span class='ocrx_word' id='word_1_314' title='bbox 340 3313 523 3378; x_wconf 79' lang='lat' dir='ltr'><strong>informem</strong></span> <span class='ocrx_word' id='word_1_315' title='bbox 542 3333 624 3378; x_wconf 83' lang='lat' dir='ltr'><strong>vcro</strong></span> <span class='ocrx_word' id='word_1_316' title='bbox 645 3308 821 3380; x_wconf 87' lang='lat' dir='ltr'><strong>materiem</strong></span> <span class='ocrx_word' id='word_1_317' title='bbox 843 3311 900 3374; x_wconf 91' lang='lat' dir='ltr'><strong>sua</strong></span> <span class='ocrx_word' id='word_1_318' title='bbox 920 3309 1019 3382; x_wconf 89' lang='lat' dir='ltr'><strong>causa</strong></span> <span class='ocrx_word' id='word_1_319' title='bbox 1037 3329 1149 3374; x_wconf 90' lang='lat' dir='ltr'><strong>carere</strong></span> <span class='ocrx_word' id='word_1_320' title='bbox 1165 3307 1241 3396; x_wconf 84' lang='lat' dir='ltr'><strong>quir</strong></span> 
     </span>
     <span class='ocr_line' id='line_1_38' title="bbox 125 3391 1242 3485; baseline -0.009 -19"><span class='ocrx_word' id='word_1_321' title='bbox 125 3398 240 3466; x_wconf 88' lang='lat' dir='ltr'><strong>dicere</strong></span> <span class='ocrx_word' id='word_1_322' title='bbox 254 3397 390 3485; x_wconf 83' lang='lat' dir='ltr'><strong>potest,</strong></span> <span class='ocrx_word' id='word_1_323' title='bbox 414 3396 556 3462; x_wconf 89' lang='lat' dir='ltr'><strong>omnino</strong></span> <span class='ocrx_word' id='word_1_324' title='bbox 576 3417 648 3460; x_wconf 91' lang='lat' dir='ltr'><strong>non</strong></span> <span class='ocrx_word' id='word_1_325' title='bbox 670 3391 813 3480; x_wconf 88' lang='lat' dir='ltr'><strong>reperio.</strong></span> <span class='ocrx_word' id='word_1_326' title='bbox 854 3391 1001 3458; x_wconf 90' lang='lat' dir='ltr'><strong>Perinde</strong></span> <span class='ocrx_word' id='word_1_327' title='bbox 1021 3391 1103 3458; x_wconf 80' lang='lat' dir='ltr'><strong>siin</strong></span> <span class='ocrx_word' id='word_1_328' title='bbox 1125 3407 1242 3457; x_wconf 86' lang='lat' dir='ltr'><strong>nume·</strong></span> 
     </span>
     <span class='ocr_line' id='line_1_39' title="bbox 126 3474 1242 3554; baseline -0.007 -6"><span class='ocrx_word' id='word_1_329' title='bbox 126 3503 167 3548; x_wconf 87' lang='lat' dir='ltr'><strong>ro</strong></span> <span class='ocrx_word' id='word_1_330' title='bbox 196 3478 421 3546; x_wconf 73' lang='lat' dir='ltr'><strong>universitatis</strong></span> <span class='ocrx_word' id='word_1_331' title='bbox 454 3479 612 3546; x_wconf 88' lang='lat' dir='ltr'><strong>conditae</strong></span> <span class='ocrx_word' id='word_1_332' title='bbox 632 3475 774 3542; x_wconf 86' lang='lat' dir='ltr'><strong>materia</strong></span> <span class='ocrx_word' id='word_1_333' title='bbox 794 3475 1025 3554; x_wconf 87' lang='lat' dir='ltr'><strong>concluditur,</strong></span> <span class='ocrx_word' id='word_1_334' title='bbox 1055 3474 1242 3546; x_wconf 84' lang='lat' dir='ltr'><strong>necessario</strong></span> 
     </span>
     <span class='ocr_line' id='line_1_40' title="bbox 121 3558 1243 3668; baseline -0.008 -37"><span class='ocrx_word' id='word_1_335' title='bbox 121 3563 278 3668; x_wconf 65' lang='lat' dir='ltr'><strong>[equitur</strong></span> <span class='ocrx_word' id='word_1_336' title='bbox 305 3563 376 3628; x_wconf 92' lang='lat' dir='ltr'><strong>uti</strong></span> <span class='ocrx_word' id='word_1_337' title='bbox 402 3563 466 3628; x_wconf 82' lang='lat' dir='ltr'><strong>fior</strong></span> <span class='ocrx_word' id='word_1_338' title='bbox 490 3563 587 3629; x_wconf 87' lang='lat' dir='ltr'><strong>causa</strong></span> <span class='ocrx_word' id='word_1_339' title='bbox 608 3583 648 3626; x_wconf 88' lang='lat' dir='ltr'><strong>ex</strong></span> <span class='ocrx_word' id='word_1_340' title='bbox 668 3582 812 3638; x_wconf 84' lang='lat' dir='ltr'><strong>numero</strong></span> <span class='ocrx_word' id='word_1_341' title='bbox 835 3559 1007 3626; x_wconf 88' lang='lat' dir='ltr'><strong>causarum</strong></span> <span class='ocrx_word' id='word_1_342' title='bbox 1029 3558 1243 3623; x_wconf 88' lang='lat' dir='ltr'><strong>aeternaliter</strong></span> 
     </span>
     <span class='ocr_line' id='line_1_41' title="bbox 123 3587 1354 3738; baseline -0.01 -22"><span class='ocrx_word' id='word_1_343' title='bbox 123 3673 163 3716; x_wconf 88' lang='lat' dir='ltr'><strong>tn</strong></span> <span class='ocrx_word' id='word_1_344' title='bbox 184 3645 351 3738; x_wconf 83' lang='lat' dir='ltr'><strong>sapientia</strong></span> <span class='ocrx_word' id='word_1_345' title='bbox 371 3587 625 3714; x_wconf 70' lang='lat' dir='ltr'><strong>‹ieiereatarum</strong></span> <span class='ocrx_word' id='word_1_346' title='bbox 641 3665 713 3712; x_wconf 88' lang='lat' dir='ltr'><strong>non</strong></span> <span class='ocrx_word' id='word_1_347' title='bbox 731 3646 940 3711; x_wconf 83' lang='lat' dir='ltr'><strong>excludatur.</strong></span> <span class='ocrx_word' id='word_1_348' title='bbox 966 3643 1014 3708; x_wconf 85' lang='lat' dir='ltr'><strong>M.</strong></span> <span class='ocrx_word' id='word_1_349' title='bbox 1032 3646 1084 3708; x_wconf 92' lang='lat' dir='ltr'><strong>De</strong></span> <span class='ocrx_word' id='word_1_350' title='bbox 1101 3639 1243 3708; x_wconf 88' lang='lat' dir='ltr'><strong>informi</strong></span> <span class='ocrx_word' id='word_1_351' title='bbox 1343 3641 1354 3658; x_wconf 70' lang='lat'>²</span> 
     </span>
     <span class='ocr_line' id='line_1_42' title="bbox 121 3723 1243 3831; baseline -0.011 -30"><span class='ocrx_word' id='word_1_352' title='bbox 121 3731 285 3808; x_wconf 79' lang='lat' dir='ltr'><strong>materia.</strong></span> <span class='ocrx_word' id='word_1_353' title='bbox 308 3754 409 3831; x_wconf 82' lang='lat' dir='ltr'><strong>quam</strong></span> <span class='ocrx_word' id='word_1_354' title='bbox 431 3730 549 3797; x_wconf 88' lang='lat' dir='ltr'><strong>Graeci</strong></span> <span class='ocrx_word' id='word_1_355' title='bbox 572 3725 660 3819; x_wconf 66' lang='lat' dir='ltr'><strong>ti&#39;lpr&#39;t</strong></span> <span class='ocrx_word' id='word_1_356' title='bbox 682 3742 808 3794; x_wconf 86' lang='lat' dir='ltr'><strong>vocant</strong></span> <span class='ocrx_word' id='word_1_357' title='bbox 829 3727 943 3824; x_wconf 72' lang='lat' dir='ltr'><strong>nullus</strong></span> <span class='ocrx_word' id='word_1_358' title='bbox 963 3725 1001 3790; x_wconf 93' lang='lat' dir='ltr'><strong>in</strong></span> <span class='ocrx_word' id='word_1_359' title='bbox 1027 3727 1117 3791; x_wconf 84' lang='lat' dir='ltr'><strong>sacra</strong></span> <span class='ocrx_word' id='word_1_360' title='bbox 1141 3723 1243 3824; x_wconf 79' lang='lat' dir='ltr'><strong>scrip·</strong></span> 
     </span>
     <span class='ocr_line' id='line_1_43' title="bbox 124 3813 1243 3892; baseline -0.007 -10"><span class='ocrx_word' id='word_1_361' title='bbox 124 3829 202 3882; x_wconf 77' lang='lat' dir='ltr'><strong>tura</strong></span> <span class='ocrx_word' id='word_1_362' title='bbox 222 3831 502 3892; x_wconf 59' lang='lat' dir='ltr'><strong>metendorum,</strong></span> <span class='ocrx_word' id='word_1_363' title='bbox 525 3831 721 3880; x_wconf 83' lang='lat' dir='ltr'><strong>naturatum</strong></span> <span class='ocrx_word' id='word_1_364' title='bbox 743 3813 978 3878; x_wconf 80' lang='lat' dir='ltr'><strong>conditionem</strong></span> <span class='ocrx_word' id='word_1_365' title='bbox 997 3825 1088 3874; x_wconf 84' lang='lat' dir='ltr'><strong>recta</strong></span> <span class='ocrx_word' id='word_1_366' title='bbox 1108 3825 1243 3876; x_wconf 81' lang='lat' dir='ltr'><strong>tattone</strong></span> 
     </span>
     <span class='ocr_line' id='line_1_44' title="bbox 88 3891 1242 3986; baseline -0.01 -19"><span class='ocrx_word' id='word_1_367' title='bbox 88 3915 96 3931; x_wconf 92' lang='grc'><em>·</em></span> <span class='ocrx_word' id='word_1_368' title='bbox 125 3901 361 3977; x_wconf 82' lang='lat' dir='ltr'><strong>considerant,</strong></span> <span class='ocrx_word' id='word_1_369' title='bbox 384 3897 526 3986; x_wconf 82' lang='lat' dir='ltr'><strong>ambigit</strong></span> <span class='ocrx_word' id='word_1_370' title='bbox 546 3901 639 3985; x_wconf 91' lang='lat' dir='ltr'><strong>quod</strong></span> <span class='ocrx_word' id='word_1_371' title='bbox 660 3919 679 3961; x_wconf 86' lang='lat' dir='ltr'><strong>a</strong></span> <span class='ocrx_word' id='word_1_372' title='bbox 699 3893 878 3962; x_wconf 85' lang='lat' dir='ltr'><strong>conditore</strong></span> <span class='ocrx_word' id='word_1_373' title='bbox 899 3891 1054 3959; x_wconf 89' lang='lat' dir='ltr'><strong>omnium</strong></span> <span class='ocrx_word' id='word_1_374' title='bbox 1076 3908 1110 3956; x_wconf 91' lang='lat' dir='ltr'><strong>et</strong></span> <span class='ocrx_word' id='word_1_375' title='bbox 1131 3893 1242 3956; x_wconf 81' lang='lat' dir='ltr'><strong>causa·</strong></span> 
     </span>
     <span class='ocr_line' id='line_1_45' title="bbox 124 3977 1243 4058; baseline -0.005 -10"><span class='ocrx_word' id='word_1_376' title='bbox 124 3982 206 4048; x_wconf 88' lang='lat' dir='ltr'><strong>liter</strong></span> <span class='ocrx_word' id='word_1_377' title='bbox 223 3983 315 4050; x_wconf 87' lang='lat' dir='ltr'><strong>inter</strong></span> <span class='ocrx_word' id='word_1_378' title='bbox 336 3983 500 4058; x_wconf 72' lang='lat' dir='ltr'><strong>causales,</strong></span> <span class='ocrx_word' id='word_1_379' title='bbox 538 3997 572 4048; x_wconf 88' lang='lat' dir='ltr'><strong>et</strong></span> <span class='ocrx_word' id='word_1_380' title='bbox 592 3981 683 4046; x_wconf 87' lang='lat' dir='ltr'><strong>inter</strong></span> <span class='ocrx_word' id='word_1_381' title='bbox 702 3978 873 4046; x_wconf 78' lang='lat' dir='ltr'><strong>causarum</strong></span> <span class='ocrx_word' id='word_1_382' title='bbox 896 3977 1035 4042; x_wconf 80' lang='lat' dir='ltr'><strong>effectus</strong></span> <span class='ocrx_word' id='word_1_383' title='bbox 1055 3977 1243 4044; x_wconf 87' lang='lat' dir='ltr'><strong>seeundum</strong></span> 
     </span>
     <span class='ocr_line' id='line_1_46' title="bbox 125 4057 1322 4210; baseline -0.008 -77"><span class='ocrx_word' id='word_1_384' title='bbox 125 4067 201 4133; x_wconf 81' lang='lat' dir='ltr'><strong>suar</strong></span> <span class='ocrx_word' id='word_1_385' title='bbox 227 4066 468 4168; x_wconf 72' lang='lat' dir='ltr'><strong>proportiones</strong></span> <span class='ocrx_word' id='word_1_386' title='bbox 499 4063 637 4135; x_wconf 83' lang='lat' dir='ltr'><strong>condita</strong></span> <span class='ocrx_word' id='word_1_387' title='bbox 667 4063 739 4162; x_wconf 45' lang='lat' dir='ltr'><strong>litt.</strong></span> <span class='ocrx_word' id='word_1_388' title='bbox 755 4060 815 4210; x_wconf 78' lang='lat' dir='ltr'><strong>(pri</strong></span> <span class='ocrx_word' id='word_1_389' title='bbox 846 4061 939 4127; x_wconf 88' lang='lat' dir='ltr'><strong>enim</strong></span> <span class='ocrx_word' id='word_1_390' title='bbox 963 4057 1049 4158; x_wconf 72' lang='lat' dir='ltr'><strong>fecit</strong></span> <span class='ocrx_word' id='word_1_391' title='bbox 1074 4063 1243 4126; x_wconf 83' lang='lat' dir='ltr'><strong>mundum</strong></span> <span class='ocrx_word' id='word_1_392' title='bbox 1313 4121 1322 4141; x_wconf 62' lang='grc'><strong>,</strong></span> 
     </span>
     <span class='ocr_line' id='line_1_47' title="bbox 125 4145 1243 4236; baseline -0.009 -19"><span class='ocrx_word' id='word_1_393' title='bbox 125 4153 170 4218; x_wconf 83' lang='lat' dir='ltr'><strong>de</strong></span> <span class='ocrx_word' id='word_1_394' title='bbox 188 4167 330 4220; x_wconf 79' lang='lat' dir='ltr'><strong>materia</strong></span> <span class='ocrx_word' id='word_1_395' title='bbox 350 4148 510 4224; x_wconf 73' lang='lat' dir='ltr'><strong>insonui,</strong></span> <span class='ocrx_word' id='word_1_396' title='bbox 533 4148 606 4235; x_wconf 84' lang='lat' dir='ltr'><strong>ipse</strong></span> <span class='ocrx_word' id='word_1_397' title='bbox 626 4148 707 4214; x_wconf 81' lang='lat' dir='ltr'><strong>secat</strong></span> <span class='ocrx_word' id='word_1_398' title='bbox 727 4165 911 4236; x_wconf 74' lang='lat' dir='ltr'><strong>inormem</strong></span> <span class='ocrx_word' id='word_1_399' title='bbox 924 4160 1101 4213; x_wconf 74' lang='lat' dir='ltr'><strong>materiem</strong></span> <span class='ocrx_word' id='word_1_400' title='bbox 1118 4145 1160 4210; x_wconf 89' lang='lat' dir='ltr'><strong>de</strong></span> <span class='ocrx_word' id='word_1_401' title='bbox 1174 4163 1243 4208; x_wconf 86' lang='lat' dir='ltr'><strong>onr-</strong></span> 
     </span>
    </p>
   </div>
   <div class='ocr_carea' id='block_1_3' title="bbox 763 4263 924 4332">
    <p class='ocr_par' dir='ltr' id='par_1_3' title="bbox 763 4263 924 4332">
     <span class='ocr_line' id='line_1_48' title="bbox 763 4263 924 4332; baseline 0.012 -28"><span class='ocrx_word' id='word_1_402' title='bbox 763 4263 841 4332; x_wconf 56' lang='lat'><strong>¹3·</strong></span> <span class='ocrx_word' id='word_1_403' title='bbox 920 4299 924 4306; x_wconf 95' lang='lat'>.</span> 
     </span>
    </p>
   </div>
   <div class='ocr_carea' id='block_1_4' title="bbox 0 0 1528 4856">
    <p class='ocr_par' dir='ltr' id='par_1_4' title="bbox 0 0 1528 4856">
     <span class='ocr_line' id='line_1_49' title="bbox 0 0 1528 4856; baseline 0 2"><span class='ocrx_word' id='word_1_404' title='bbox 0 0 1528 4856; x_wconf 95' lang='lat' dir='ltr'><strong> </strong></span> 
     </span>
    </p>
   </div>
  </div>
 </body>
</html>
