3038 4828
499 283 609 354 Libet·
633 281 788 356 weram.
1133 279 1208 356 261

88 461 307 552 reptibilium
327 487 387 536 cor
411 487 528 547 orum,
551 489 637 556 quae
657 466 816 536 infimum
836 462 943 538 totius
959 479 1131 534 creaturae
1145 469 1205 536 ob·
1243 491 1251 514 ¹

88 548 204 647 tinent
223 490 640 638 locum‚ff1‚reeulatiorrem
660 551 828 640 pervenit.
872 553 989 698 quum
1008 550 1115 639 igitur
1135 571 1204 620 om·

88 653 190 696 mum
210 651 392 719 corporum
414 657 453 699 ex
474 651 619 722 quatuor
638 635 840 723 simplicium
857 636 1113 702 umentorum
1134 634 1203 700 coi·

86 729 130 812 tu
165 717 443 816 cqmpofitprum,
475 741 515 784 ex
545 718 700 786 maximio
729 740 836 807 usque
865 720 908 783 ad
927 717 1070 784 minima
1087 739 1204 816 perve-

88 815 263 862 nientium
294 802 416 886 mplex
444 802 489 866 est
509 801 750 878 confideretio;
785 801 881 866 aliter
902 800 1051 866 enimin
1072 799 1115 866 ita
1134 824 1204 868 ma·

27 901 33 922 ·
72 879 174 970 ‘teria
208 879 405 968 inspicitur,
439 883 535 952 aliter
561 887 687 961 forma,
726 901 759 950 et
781 885 798 949 s
819 883 922 962 coiea,
959 906 1046 972 quae
1065 885 1205 968 materia
1263 903 1268 910 ·

86 967 239 1061 adjecta,
263 986 364 1030 omne
385 967 528 1034 solidum
551 985 583 1034 at
608 992 651 1036 ue
671 910 823 1034 [eufibile
844 988 965 1056 corpur
988 966 1107 1034 efficite
1134 967 1204 1036 iola

84 1049 253 1146 liquidem
282 1049 421 1116 materia
450 1073 565 1116 careno
586 991 707 1140 Kinodo
735 1054 869 1118 nullum
904 1068 1026 1136 corpur
1058 1072 1138 1138 pera
1164 1049 1201 1130 't,

86 1151 172 1278 qiua
201 1152 263 1218 per
289 1132 323 1196 le
350 1133 508 1200 informia·
528 1135 590 1211 ell;
622 1137 751 1215 adjecta
771 1157 851 1202 vero
871 1134 983 1223 specie
1003 1155 1125 1222 corpur
1171 1149 1203 1202 tt

118 1228 187 1278 iter
216 1213 352 1314 cilentio
383 1231 418 1282 et
454 1217 671 1284 substantialis
693 1219 817 1295 forma,
850 1239 936 1306 quae
954 1216 1063 1283 veluti
1083 1218 1205 1284 funda·

84 1310 247 1394 mentum
267 1299 442 1364 immobile
463 1301 640 1368 formatam
654 1301 770 1369 suffert
784 1318 819 1368 et
832 1300 988 1370 continet
1006 1299 1200 1378 materiamr

31 1436 36 1445 .
86 1380 309 1446 neceffarrum
337 1397 408 1448 arat
434 1384 679 1450 substantialem
701 1383 843 1450 formam
864 1403 906 1449 ex
921 1382 1062 1450 materia
1080 1384 1202 1448 forma-

86 1480 121 1530 ta
142 1463 338 1562 rationabili
361 1461 521 1530 contuitu
542 1468 721 1555 segregare.
757 1467 906 1534 Maxima
927 1482 1040 1532 autem
1061 1486 1202 1564 corpora
1229 1484 1233 1493 ·

84 1547 301 1622 ulmenam,
315 1570 445 1636 aquam,
463 1557 548 1624 alita,
566 1555 776 1638 aetheraque,
793 1553 1003 1636 coelumque,
1022 1548 1059 1614 in
1078 1552 1201 1635 quibua
1247 1587 1262 1608 ι

84 1629 346 1696 innumerabilia
354 1631 525 1698 minorum
535 1654 725 1722 corporum,
741 1651 775 1700 et
785 1635 986 1708 mediorum,
1002 1647 1037 1696 et
1047 1652 1203 1698 numero·
1298 1699 1300 1706 ,

83 1735 164 1779 rum
185 1713 355 1799 quantitas
380 1715 635 1802 multiplicatur.
680 1719 776 1804 Quae
801 1733 885 1782 tunc
906 1715 1039 1791 omnia,
1061 1714 1129 1780 htlc
1146 1713 1200 1793 ell,

83 1794 254 1892 maxima3
273 1813 309 1861 et
330 1797 461 1872 media,
484 1815 520 1862 et
538 1799 679 1866 minima
702 1823 742 1864 ex
757 1817 902 1888 quatuor
916 1795 1107 1886 puriffimio,
1130 1797 1203 1862 sun·

84 1877 290 1968 pliciffimre,
330 1878 555 1948 invisibilibus
585 1905 646 1968 per
675 1883 708 1946 se
736 1881 911 1947 elementia
940 1879 1200 1956 constituuntur,

83 1985 193 2052 quum
215 1961 252 2026 in
275 1982 312 2024 ea
333 1962 567 2039 resolvuntur3
591 1967 724 2032 nullum
746 1966 837 2030 enim
860 1965 1071 2028 elementum
1085 1985 1147 2048 per
1166 1962 1201 2028 se

84 2063 254 2133 corporeo
275 2044 371 2108 sensu
393 2043 581 2134 attingitur.
625 2047 660 2110 si
683 2067 784 2132 ergo,
806 2064 846 2110 ut
865 2043 1045 2132 praedictio
1062 2043 1202 2108 rationi·

85 2132 149 2194 lrua
193 2127 452 2194 demonstratum
485 2129 547 2203 est,
585 2143 729 2215 quatuor
753 2129 811 2192 illa
839 2149 924 2214 pura
950 2129 1116 2190 elementa
1144 2127 1200 2191 vel

84 2211 178 2278 coeli
199 2212 364 2284 vocabulo
387 2233 406 2274 a
428 2209 598 2298 scripturis
612 2226 751 2296 propter
767 2213 844 2274 luae
862 2225 1002 2274 naturae
1016 2207 1201 2295 [implicem

86 2296 253 2360 virtutem
280 2309 479 2358 meruerunt
507 2315 524 2356 a
549 2293 688 2442 qellari,
726 2291 889 2382 nimirum
910 2290 1030 2361 omnia
1059 2313 1200 2380 corpora
1230 2343 1233 2360 .

84 2382 130 2452 ah
151 2379 217 2452 eia,
241 2393 274 2448 et
296 2377 354 2442 iub
378 2377 425 2441 eia
447 2375 504 2442 ine
533 2399 550 2441 a
575 2375 613 2442 ili
635 2398 752 2442 eorum
774 2377 868 2442 coitu
888 2374 1078 2450 constituta,
1101 2395 1200 2462 aqua·

86 2485 163 2530 rum
190 2461 252 2524 sub
281 2461 377 2524 coelo
404 2461 584 2546 politorum
639 2461 750 2526 ollunt
773 2459 914 2526 nomine
945 2457 1198 2544 comprehendi.
1276 2473 1280 2478 '
1322 2471 1327 2480 '

85 2547 159 2610 Neo
188 2541 378 2640 immerito}
406 2564 485 2608 nam
515 2565 585 2608 non
613 2483 724 2608 ¹iulum
753 2541 1049 2616 mutabiliaiunt,
1079 2555 1199 2614 verum

87 2629 190 2694 etiam
230 2626 441 2712 generationi
471 2641 505 2690 et
539 2625 750 2712 corruptioni
783 2627 948 2708 subjecta3
974 2623 1043 2704 ille
1071 2623 1199 2690 etenim

110 2733 174 2776 uae
205 2709 375 2783 coelestia,
405 2711 460 2772 vol
495 2712 648 2773 aetherea
670 2709 830 2774 dicuntur
851 2723 1010 2794 corpora,
1044 2705 1198 2792 quamvis

87 2735 274 2881 ipiritualia
295 2808 329 2858 et
346 2791 617 2878 incorruptibilia
634 2792 813 2856 videantur
824 2792 898 2868 effe,
919 2789 1099 2855 necessario
1115 2804 1199 2854 tutto
1252 2854 1257 2866 ,

111 2899 195 2940 uum
229 2897 290 2962 pet
315 2873 568 2962 generationem
597 2889 632 2937 et
653 2873 930 2960 compositionem
950 2872 1200 2936 inchoaverunt

86 2901 185 3034 fleri,
208 2963 250 3022 ad
272 2957 375 3022 finem
398 2959 474 3022 suae
496 2955 673 3022 solutionis
697 2973 731 3020 et
747 2960 841 3022 c'orru
870 2953 1199 3040 tioniupervenient.

89 3043 125 3108 Si
147 3057 259 3106 autem
281 3039 429 3106 caelestia
451 3061 591 3127 corpora
612 3039 823 3106 neceffariam
844 2981 895 3101 fui
920 3035 1123 3100 solutionem
1146 3057 1199 3100 ex·

113 3141 242 3200 ectant,
265 3123 406 3190 veritate
427 3126 580 3200 dicente,
606 3123 736 3208 coelum
758 3137 793 3186 et
812 3137 903 3185 terra
922 3119 1093 3203 peribunt,
1114 3117 1199 3199 item

88 3151 269 3285 sssalmiila,
293 3227 395 3290 opera
415 3229 564 3270 manuum
585 3207 714 3282 tuartlm
727 3209 812 3295 sunt
835 3205 931 3277 coeli,
955 3207 992 3284 ip
1007 3223 1019 3263 ι
1035 3202 1199 3299 peribunt,

91 3309 125 3356 et
145 3291 262 3356 [iutilia
285 3289 413 3369 S.,Scri
440 3307 533 3354 turae
554 3289 759 3365 testimonia,
783 3287 865 3376 quid
881 3289 922 3352 de
936 3284 972 3350 in
1000 3306 1062 3349 mia
1077 3283 1199 3350 mundi

92 3374 290 3462 corporibus
312 3374 356 3438 est
376 3315 635 3446 aefiimandum.
659 3395 744 3460 quae
759 3369 912 3470 quotidie
927 3383 1126 3443 nascuntur,
1152 3382 1199 3431 at·

111 3481 155 3523 ue
190 3457 390 3521 solvuntur?
420 3460 537 3543 ltaque
564 3457 587 3520 si
617 3455 653 3524 in
685 3478 778 3520 omnr
806 3475 946 3540 corpore
966 3451 1033 3516 five
1054 3448 1197 3527 coelesti,

88 3481 155 3606 ive
187 3556 337 3615 terreno,
371 3538 622 3626 five'aquatili‚
658 3535 818 3603 instabilia
838 3533 1018 3602 inundatio
1039 3531 1198 3598 materiae

88 3623 244 3689 informia
264 3621 487 3712 prospicitur3
509 3621 557 3686 ita
579 3621 670 3686 enim
693 3619 870 3696 definitur,
904 3616 1044 3682 materia
1065 3617 1109 3682 est
1127 3637 1200 3681 mu·

91 3707 240 3772 tabilitao
260 3727 373 3772 rerum
393 3705 608 3771 mutabilium
629 3703 734 3792 capax
753 3701 907 3770 omnium
926 3701 1126 3775 formarum,
1147 3699 1199 3763 in·
1253 3701 1262 3722 '
1310 3706 1313 3716 ’

88 3789 312 3877 stabilitasque
339 3788 512 3855 mutabilia
541 3789 687 3864 formae,
724 3808 790 3874 qua
820 3783 890 3872 ipsa
911 3783 1051 3850 materia
1071 3781 1198 3872 specifi-

89 3889 163 3938 cata
193 3873 373 3949 formaturr
402 3872 474 3960 ipsa
500 3887 647 3959 namque
676 3871 719 3936 est
739 3861 936 3958 qualitativa
956 3869 1083 3944 forma,
1113 3885 1199 3953 quae

91 3959 250 4036 adjuncta
270 3955 428 4020 materiae
450 3975 571 4040 corpur
588 3954 707 4019 efficit:
730 3949 959 4040 qualitativam
980 3950 1116 4036 quidem
1133 3949 1198 4012 for·
1253 3997 1257 4004 .

57 4051 60 4059 '
89 4061 179 4104 mam
193 4039 278 4106 -dico
300 4039 410 4114 illam,
446 4060 532 4126 quae
553 4061 594 4102 ex
614 4037 774 4125 qualitate
795 4035 921 4109 sumta,
955 4051 990 4105 et
1011 4031 1199 4131 quantitate

90 4123 238 4188 lenfibuo
268 4119 437 4210 corporeis
466 4137 626 4208 apparet,
661 4118 886 4205 materiaeque
914 4117 1057 4184 instabili
1078 4117 1198 4180 adhae-

91 4227 187 4287 rent,
208 4225 287 4276 cum
306 4205 378 4296 ipsa
397 4205 527 4293 semper
546 4207 707 4282 fluctuat,
733 4199 987 4293 generationem
1008 4215 1043 4266 et
1062 4215 1199 4285 corrup·
