3038 4828
527 279 637 354 tate
659 277 815 352 weram.
873 287 878 297 '
1140 276 1225 354 897.
1305 313 1320 334 ι

113 483 245 531 varum.
286 463 390 532 anna
416 461 565 552 pdmnm
596 423 782 532 animatum
804 461 936 532 animat
960 476 1101 531 creatur.
1143 463 1225 530 Ger·

114 548 219 630 mina
238 547 334 615 enim
364 559 399 612 et
419 549 569 624 arborea,
604 549 661 614 etfi
681 548 796 615 vivere
818 543 973 614 dicantur
1017 561 1133 634 raptor
1150 569 1225 648 par·

15 637 16 650 ¹
112 630 352 720 tioipatiomm
370 629 557 701 nutritivae
577 646 612 696 et
631 631 760 702 activae
779 630 934 707 virtutia,
1023 651 1094 696 non
1121 644 1224 696 ettam

113 713 292 790 animalia,
313 735 425 802 neque
448 711 594 784 animata
609 714 718 782 lunt'’
746 714 929 803 Gregorius
948 714 1030 780 item
1046 713 1222 798 Nylleuua,

117 799 178 886 qni
209 797 314 864 etiam
332 795 569 863 Nazianzenus
588 813 749 874 vocatur,
782 795 947 885 praedicti
965 797 1079 864 Balrlii
1123 817 1227 862 erma.

114 903 182 950 nna
208 881 328 956 frater,
356 879 394 945 in
423 881 576 946 immone
603 882 645 946 da
673 883 834 964 imagine,
865 903 937 968 cap.
958 893 1035 962 avo.
1077 925 1099 956 „
1136 894 1225 954 ocet.

114 967 241 1052 maula,
267 963 357 1030 ratio
383 962 421 1028 in
449 963 557 1029 tribua
591 961 789 1030 differentiis
821 963 959 1030 vitalem
976 963 1226 1050 animalemque

112 1049 278 1138 virtutem
298 1046 509 1114 confiderari.
552 1048 626 1114 Una
648 1048 738 1116 enirn
760 1050 923 1135 quaedam
945 1049 989 1112 est
1010 1067 1095 1135 quae
1105 1047 1227 1114 solome

93 1135 220 1202 'modo
243 1129 493 1196 incrementum
522 1131 579 1196 dat
605 1145 640 1196 et
670 1131 801 1208 nutrit;
839 1145 873 1198 et
892 1145 1035 1196 vocatur
1059 1129 1169 1196 activa
1191 1141 1228 1194 et

113 1211 317 1290 nutritoria,
346 1213 426 1312 quia
453 1214 490 1279 in
518 1236 559 1278 au
620 1231 738 1280 eratum
759 1219 830 1296 eiua
850 1217 941 1302 quod
962 1213 1119 1279 nutritur.
1133 1211 1228 1311 quior

116 1298 201 1388 quid
222 1317 432 1365 convenient
453 1297 498 1362 est
519 1237 633 1362 altili:
659 1297 731 1387 ipsa
752 1297 853 1366 etiam
875 1296 1066 1386 germinalis
1089 1297 1226 1372 dicatur,

115 1399 152 1449 et
172 1381 263 1448 circa
282 1379 433 1468 germina
454 1381 697 1448 confideratart
722 1383 851 1448 neceffe
872 1380 964 1446 enim
985 1379 1086 1448 etiarn
1101 1378 1139 1448 in
1154 1399 1227 1467 ger·

114 1464 267 1534 miniboa
295 1463 434 1529 vitalem
466 1467 635 1550 quandam
662 1463 824 1530 virtutem
852 1463 963 1530 lensue
984 1476 1155 1550 expertem
1175 1461 1242 1552 ing

116 1546 240 1634 telligi.
281 1547 394 1612 Altera
420 1567 503 1612 vero
524 1562 657 1634 praeter
677 1550 766 1614 hanc
787 1547 913 1636 lpeoiea
932 1545 1025 1611 vitae
1045 1545 1107 1621 est,
1141 1563 1227 1633 quae

118 1648 153 1699 et
180 1633 251 1697 hoe
267 1631 370 1696 habet
412 1633 482 1696 nod
504 1629 676 1718 praedicta
696 1628 856 1719 postidea,
886 1629 1023 1718 insuper
1045 1627 1145 1697 etiam
1166 1647 1228 1714 per

115 1715 248 1782 leuium
269 1651 656 1804 adminilrarixaccepitt
679 1735 764 1802 quae
785 1712 911 1801 species
933 1711 1100 1779 innatare
1114 1732 1227 1778 rerum

114 1793 397 1866 irrationabilium
422 1796 475 1862 ell.
517 1797 605 1862 Nam
624 1817 696 1862 non
717 1799 825 1864 lolam
846 1794 956 1864 nutrit
977 1811 1012 1862 et
1028 1810 1145 1885 auget.
1169 1794 1229 1859 leel

116 1881 219 1948 etiam
235 1877 418 1944 sensualem
436 1877 670 1976 operationem
682 1878 1005 1976 perceptionemque
1015 1881 1127 1946 habet.
1149 1879 1227 1944 Per·

115 1967 206 2032 fecta
231 1981 313 2026 vero
340 1960 378 2026 in
407 1981 548 2048 corpore
567 1959 639 2024 vita
659 1981 696 2024 1n
716 1960 931 2039 ratronabili,
966 1959 1226 2038 humana‘dico,
1339 1971 1342 1977 “

114 2051 281 2114 formatur
299 2058 439 2120 natura,
476 2058 511 2108 et
531 2042 696 2107 nutritiva
717 2043 778 2119 est,
810 2059 844 2108 et
865 2044 1040 2120 sensualia,
1073 2060 1108 2108 et
1126 2045 1228 2110 ratio·

115 2153 197 2198 uena
217 2126 416 2216 participat,
439 2140 474 2192 et
494 2123 823 2192 animo'ministrat.”
859 2127 952 2192 ldem
973 2126 1011 2192 in
1027 2129 1148 2192 eodem
1163 2127 1228 2192 ler-

114 2235 237 2287 moue,
253 2209 388 2298 -quinto
417 2206 550 2277 decimo
582 2207 711 2306 capitet
747 2224 855 2286 „trea„
886 2213 1009 2294 inquit.
1041 2211 1227 2276 secundum

114 2298 254 2364 vitalem
279 2292 448 2362 ,virtutem
470 2290 675 2356 differentiae
696 2292 783 2359 ratio
803 2291 974 2358 invenite»
990 2291 1133 2380 primam
1155 2292 1228 2380 qui·

114 2386 194 2448 dem
213 2375 439 2450 nutritivam,
469 2375 539 2442 fine
566 2375 684 2442 lenlut
711 2376 893 2442 secundam
924 2397 1006 2444 vero
1026 2373 1227 2442 nutritivam
1278 2439 1283 2450 ,

114 2463 255 2552 quidem
281 2475 316 2526 et
336 2457 542 2536 lentitivam,
573 2473 742 2544 expertem
763 2481 844 2526 vero
865 2459 1040 2527 rationalia
1062 2459 1228 2548 operatio·

15 2585 16 2588 ¹
113 2548 188 2615 nii:
216 2549 302 2610 Item
323 2543 456 2612 tertiam
476 2541 711 2608 rationabilem
734 2559 768 2608 et
787 2543 989 2632 perfectam.
1022 2565 1160 2614 ornnem
1183 2567 1228 2620 ue
1337 2589 1341 2598 ·

15 2653 17 2678 ¹
114 2632 278 2710 uirtutem
299 2631 565 2713 penetrantem.”
607 2625 810 2712 Augustiana
833 2627 871 2692 in
892 2628 979 2694 libro
1001 2632 1043 2696 de
1064 2651 1144 2696 vera
1195 2652 1229 2696 e·

114 2714 384 2802 ligione‚.‚‚non
406 2711 447 2776 fit
465 2709 581 2783 nobie,
604 2711 871 2811 ironia-religio
887 2713 999 2778 cultue
1011 2713 1107 2800 illiue
1124 2711 1225 2788 vitae.

140 2820 184 2862 na
213 2793 375 2860 diotmtur
401 2795 534 2858 arborea
561 2789 695 2868 virere,
724 2815 886 2881 quomam
917 2797 1032 2861 nullua
1055 2797 1167 2862 leniat
1188 2795 1227 2862 in

116 2821 176 2946 illa
196 2879 258 2954 ,ell3
290 2893 387 2943 etex
408 2897 449 2942 eo
471 2895 593 2963 genere
614 2875 658 2940 est
678 2876 753 2954 illa,
786 2899 852 2976 qua
870 2878 971 2944 nostri
992 2880 1143 2968 corporis
1166 2900 1229 2942 nu·

114 2962 286 3030 merofitaa
313 2960 442 3049 agitur.
476 2980 542 3045 qua
563 2959 665 3024 etiam
685 2960 800 3047 capilli
822 2976 856 3026 et
877 2961 943 3030 offa
963 2959 1106 3038 vivunt,
1164 2982 1228 3026 uae

115 3049 186 3118 fiae
208 3045 306 3111 lenlu
326 3041 578 3131 praeciduntur.
629 3045 703 3108 Hac
726 3059 839 3108 autem
859 3043 981 3110 melior
1001 3045 1046 3110 est
1065 3045 1137 3111 vita
1172 3068 1229 3110 en·

52 3135 59 3148 “
116 3130 224 3206 tiene.
257 3142 293 3192 et
320 3143 436 3193 tamen¹
462 3125 569 3190 vitam
595 3126 777 3192 bestiarum·
800 3129 911 3192 colere
946 3149 1018 3194 non
1055 3131 1227 3196 debemur.

114 3211 195 3280 Non
226 3211 266 3276 lit
292 3211 393 3278 nobis
421 3209 541 3296 religio
555 3212 624 3274 *vel
644 3210 715 3296 ipsa
734 3211 886 3298 perfecta
901 3225 943 3276 et
964 3211 1093 3294 sapiens
1109 3211 1229 3280 anima

114 3293 308 3374 rationalia,
331 3295 398 3360 irre
419 3293 455 3356 in
477 3292 660 3358 ministerio
681 3293 829 3381 partium
850 3293 1008 3370 stabilita,
1031 3297 1098 3361 live
1114 3296 1151 3360 in
1164 3295 1229 3360 'rni-

116 3377 251 3446 nillerio
279 3376 539 3444 univerlitatie.”
576 3379 627 3440 ·Et
651 3380 737 3444 haee
764 3375 951 3450 testimonia
977 3379 1229 3478 praedictorum

114 3467 253 3530 Parrum
275 3465 319 3530 ad
339 3483 378 3527 ea
397 3463 586 3526 roboranda
609 3483 695 3546 quae
718 3459 864 3528 diximus
886 3460 1073 3538 lufficruut,
1095 3478 1135 3526 ut
1157 3485 1177 3528 o
1203 3462 1229 3526 i·

115 3570 189 3616 nor.
231 3549 275 3614 D.
297 3545 479 3611 Sufficiunt
500 3542 657 3631 quidem,
681 3547 779 3610 etad
801 3545 864 3609 alia
887 3549 1142 3612 transeundum.
1178 3487 1227 3610 ll.

113 3631 200 3698 Vide
228 3627 343 3780 itatffle
374 3650 475 3717 quam
502 3629 663 3726 pulchrae
684 3626 874 3714 ingreditur
894 3629 993 3694 letica
1013 3653 1149 3704 rerum,
1180 3629 1230 3694 di·

89 3715 206 3781 'riuia
246 3734 284 3780 or
321 3729 400 3780 nata
437 3712 591 3800 eloquare.
637 3711 791 3798 .Quinto
826 3711 989 3799 fiquidem
1026 3712 1081 3778 die
1112 3712 1230 3782 condi·

115 3798 265 3896 tionem,
280 3797 477 3864 animalium
508 3795 784 3883 quinquepertito
812 3795 911 3861 sensu
938 3795 1144 3885 pollentium
1172 3799 1229 3872 de·

179 3895 254 3944 mat.
555 3913 557 3918 ·
703 3920 708 3926 -

114 3901 231 4043 proter.
249 3959 314 4056 Sed
324 3966 365 4028 de
374 3963 485 4030 anima
495 3960 649 4030 omnium
657 3959 940 4028 irrationabilium
951 3961 1147 4033 animalium
1156 3983 1228 4030 non

115 4044 335 4115 mediocriter
342 4069 499 4146 moveor,
516 4069 582 4146 qua
590 4045 722 4144 ratione
731 4045 872 4146 plurimi
878 4047 1078 4113 Sanctorum
1090 4049 1230 4111 Patrum

115 4153 197 4200 oum
219 4131 415 4217 corporibus
437 4153 510 4198 eam
523 4146 681 4207 mtenre,
704 4151 770 4204 neo
786 4131 914 4196 aruum
927 4152 1124 4228 permanere
1138 4128 1230 4217 pollo

116 4215 295 4337 affirmant.
336 4210 484 4307 qutlr'us
502 4214 683 4304 liquidem,
704 4213 743 4282 iu
763 4235 843 4282 rut.
863 4213 1008 4282 homiha
1025 4212 1063 4280 in
1085 4211 1228 4282 Genefiu
