3038 4828
505 275 794 349 warenae.
1125 243 1336 352 28⁷⁹*
1419 244 1423 252 ⁵

190 453 409 529 illuminandi
442 435 635 551 potestatem
656 464 776 537 baben
801 459 863 538 ¹ubi
882 476 995 527 autem
1017 459 1134 530 absent
1155 465 1211 544 eil,

104 481 223 610 ffinae
260 543 491 634 stellarumque
522 547 680 634 splendor
707 549 901 612 umbrarum
930 545 1127 636 caliginem,
1166 571 1214 616 na

102 626 247 694 omniuo
268 629 465 696 animalium
485 630 660 696 obtutibua
681 627 947 716 impenetrabilia
963 629 1021 709 lit,
1042 651 1149 697 raram
1161 635 1213 699 lu·

102 713 243 799 gubrem
268 735 312 777 ue
332 714 424 796 sacit.
465 711 601 798 Etfint
620 717 653 780 r‘n
662 711 767 804 figna
788 727 821 777 et
842 727 1009 797 tempora,
1032 728 1068 780 et
1088 717 1162 782 dies
1178 731 1216 783 et

101 817 218 861 annor.
286 795 365 883 igna
395 797 617 884 intelligimus
648 797 684 863 in
713 801 780 862 boc
806 799 884 864 loco
909 819 980 863 non
1002 799 1122 874 sidera.
1155 801 1213 867 sed

100 878 272 968 praesagia
302 884 464 968 quaedam
493 882 627 946 suturae
657 879 860 959 serenitatia,
898 882 954 945 seu
985 882 1212 971 tempestatiat

102 981 191 1052 quae
212 963 366 1030 maxime
397 987 437 1029 ex
464 963 633 1030 colonum
654 965 844 1030 coelestium
864 965 1083 1032 luminarium
1105 969 1215 1038 solent

98 1049 224 1111 habero
246 1047 524 1134 experimentum.
567 1051 736 1135 Tempora
758 1065 870 1113 autem
891 1063 993 1114 vocat
1013 1052 1213 1137 generaliter

100 1131 218 1196 cursua
241 1147 276 1195 et
294 1131 423 1196 reditu‘a
444 1133 605 1206 siderum,
626 1131 726 1196 certis
747 1153 916 1197 morarum
936 1132 1144 1210 inter-vallic.
1169 1137 1213 1200 ad

100 1213 250 1278 eutidem'
272 1227 420 1288 motum,
444 1218 608 1302 situmque
629 1217 781 1280 locorum
804 1215 919 1280 divina
933 1215 1150 1302 providentia
1163 1241 1213 1285 re·

96 1311 257 1374 vocator,
293 1297 437 1361 naturali
469 1297 599 1363 dierum
630 1319 795 1362 annorum
821 1319 863 1362 ue
892 1299 1118 1367 revolutione.
1162 1305 1214 1368 Ee

97 1383 234 1446 heceant
263 1384 299 1444 in
318 1381 530 1476 firmumento
561 1379 652 1447 coeli.
696 1321 1024 1469 Siquidem'nullum
1048 1385 1136 1450 sidua
1157 1387 1214 1451 de·

100 1465 231 1529 sectum
262 1464 312 1528 sui
340 1465 479 1530 luminis
505 1465 649 1612 patiturt
678 1465 735 1530 sed
756 1465 886 1552 semper
907 1465 1021 1532 omnia
1036 1465 1079 1532 in
1102 1471 1213 1533 aetbe-

96 1547 167 1614 reia
189 1547 319 1636 spania,
342 1551 467 1636 abeque
488 1571 510 1611 u
524 1551 555 1612 la
574 1540 849 1624 obumbratione,
871 1550 1051 1636 refulgent.
1085 1553 1213 1638 Extep·
1349 1585 1357 1620 l
1409 1555 1413 1562 '

96 1648 137 1697 to
158 1635 276 1696 Lunae
298 1633 419 1718 glob03
441 1632 500 1720 qui
521 1635 658 1718 quando
679 1631 716 1696 in
732 1632 907 1720 regionem
921 1637 1061 1698 umbrae
1076 1635 1213 1700 descen·

98 1713 172 1790 dit,
200 1715 299 1780 solari
332 1716 428 1782 radio
452 1717 619 1791 desertus,
651 1715 788 1781 videtur
810 1715 999 1782 obacurari:
1033 1733 1214 1806 propterea

98 1797 168 1872 ait,
201 1799 386 1863 reluceant
406 1799 665 1892 infirmcmmto
684 1801 786 1874 coeli,
822 1814 857 1863 et
877 1801 1060 1874 illuminent
1078 1816 1212 1882 terram.
1248 1847 1260 1862 .

96 1885 151 1948 Et
164 1873 305 1968 fuctum
337 1881 386 1970 'est
415 1885 476 1945 ita.
518 1885 557 1946 ln
588 1882 690 1947 causa
711 1879 875 1947 videlicet
896 1882 1137 1972 originalibus,
1171 1871 1213 1951 eit

96 1966 222 2053 quibua
242 1965 281 2030 in
302 1965 429 2051 speclea
451 1964 623 2051 propriae,
655 1981 690 2027 et
732 1964 937 2040 tlanlitatea,
969 1982 1003 2030 et
1022 1967 1210 2044 intervalla,

98 2065 136 2114 et
161 2064 297 2124 ruotue,
329 2065 364 2113 et
394 2048 586 2132 splenderet
615 2067 718 2125 proce
745 2067 810 2110 ere.
851 2049 1033 2132 Propterea
1062 2051 1213 2137 sequitur

98 2133 273 2198 causarum
294 2129 331 2194 in
352 2131 480 2216 speclea
503 2129 674 2216 processio.
710 2132 802 2192 Fecit
825 2153 864 2192 ue
885 2131 982 2195 Deus
1002 2133 1069 2196 duo
1090 2157 1212 2216 magna

95 2219 297 2290 huninarr'a5
313 2216 471 2304 luminare
491 2215 596 2292 maias
616 2151 838 2358 utffipraeeffirqt
858 2213 942 2286 diei.
967 2215 1071 2290 solem
1092 2216 1211 2281 rideli-
1233 2253 1240 2278 t

97 2315 171 2374 cet,
194 2303 290 2379 cujus
310 2295 496 2382 praesentia
519 2297 608 2364 diem
628 2317 646 2358 e
684 2295 749 2371 cit;
774 2311 808 2359 et
827 2297 986 2362 luminare
1005 2294 1111 2365 inirem
1130 2303 1211 2380 (tua

97 2405 179 2449 nam
200 2380 364 2447 videlicet
385 2379 487 2455 dicit.
511 2383 606 2460 cujua
628 2395 662 2443 et
684 2377 889 2466 quantitas.
905 2395 940 2446 et
960 2383 1018 2446 lux
1038 2381 1211 2471 incompa·
1245 2403 1247 2410 ·

96 2465 250 2532 rabiliter
272 2487 290 2530 a
312 2466 379 2529 sole
400 2466 587 2552 superatur)
608 2477 647 2527 nt
666 2459 830 2558 praeeffet
851 2469 952 2530 nocti.
996 2469 1099 2532 Luna.
1113 2467 1213 2554 fiqui-

99 2554 177 2616 dem
208 2553 248 2616 ab
276 2566 392 2613 octava
419 2569 527 2635 utque
554 2549 596 2610 ad
624 2546 813 2614 vicefimam
845 2549 1044 2624 secundam,
1082 2565 1140 2636 ppt
1161 2567 1213 2617 to·

99 2651 169 2698 tarn
189 2650 347 2708 noctem,
371 2631 458 2696 circa
478 2631 706 2717 plenilunium
730 2631 765 2695 in
789 2632 1034 2718 aequinoctiis,
1057 2651 1116 2698 aut
1162 2655 1211 2699 ar·

102 2733 171 2782 tem
193 2723 264 2802 ejua
285 2715 422 2781 caeteris
445 2714 652 2801 temporibus
668 2714 848 2778 illuminat.
879 2717 995 2814 Quum
1012 2737 1106 2794 vero,
1128 2657 1211 2782 ditm

100 2801 197 2868 sitin
220 2800 314 2867 coitu
336 2799 430 2874 solia,
455 2815 514 2862 aut
533 2799 615 2862 hinc
631 2795 712 2861 inde
727 2797 849 2884 propin
876 2819 927 2863 ute
945 2797 1107 2886 partibus,
1129 2820 1211 2865 noo-
1239 2803 1246 2814 ’

100 2884 328 2954 tiatenebraa
357 2884 433 2946 luce
464 2883 519 2944 sua
548 2895 724 2968 penetrare
753 2903 825 2945 non
847 2815 981 2955 initur,
1010 2883 1214 2948 succurrunt

99 2970 230 3044 stellae,
252 2989 392 3068 quarum
411 2963 560 3032 claritate
575 2965 767 3028 umbrarum
780 2965 1087 3030 denfitacrareeditt
1110 2987 1211 3052 prop-
1246 2977 1253 2990 '

99 3069 190 3118 terea
213 3052 312 3126 dien,
343 3064 378 3114 et
396 3051 555 3113 luminare
576 3051 680 3111 minus
698 3061 736 3110 att
754 3069 855 3129 praee
884 3061 919 3110 rt
942 3051 1048 3120 nocti,
1080 3061 1115 3112 et
1123 3047 1209 3142 stol·

99 3137 161 3203 lar.
194 3141 255 3202 Ἐἰ
272 3155 317 3218 po
338 3139 389 3198 ait
409 3139 479 3207 ear,
506 3133 611 3196 stellas
630 3129 807 3205 videlicet,
838 3155 872 3195 ιη
884 3130 1096 3224 firmamento
1117 3134 1210 3208 coeli,

98 3243 140 3287 ac
166 3221 190 3286 fi
218 3219 286 3286 dixi
314 3234 365 3294 et,
399 3217 472 3281 lixit
505 3237 558 3280 eac
590 3214 626 3278 in
648 3214 860 3279 linuamento
883 3213 981 3279 coeli.
1024 3217 1076 3280 De
1098 3215 1211 3282 chorio

97 3325 245 3394 namque
272 3304 416 3368 fiderem
444 3305 511 3364 hoc
539 3285 666 3364 dictum
694 3297 934 3386 intelligimue3
969 3298 1028 3446 ‹pui
1055 3299 1210 3388 quamvis

98 3412 190 3455 cunr
199 3389 329 3454 mundo
351 3385 545 3465 volrantur.
568 3382 625 3445 lixi
650 3381 819 3446 tamenin
842 3381 962 3466 iisdem
991 3381 1110 3448 edibua
1129 3383 1211 3448 sem·

96 3495 161 3562 per
189 3485 407 3559 permanent,
444 3469 501 3531 etfi
526 3466 630 3529 stante
656 3469 787 3530 mundo
815 3465 910 3530 chori
938 3465 1081 3532 fiderunt
1103 3466 1211 3552 solum
1295 3541 1300 3551 Ι

98 3556 228 3624 circum
249 3557 440 3627 rebantur,
462 3566 502 3614 ut
523 3547 660 3636 quidam
704 3547 959 3637 bilosopborum
981 3551 1125 3628 volunt,
1159 3569 1211 3616 or·

98 3643 145 3706 do
168 3655 299 3715 autem,
323 3659 362 3702 ac
383 3634 481 3724 serlea
502 3633 666 3698 stellarum
680 3572 870 3720 ilabiliaque
910 3631 1006 3698 olitio
1022 3651 1093 3699 non
1106 3647 1212 3700 trano

97 3723 265 3789 mittatur.
319 3725 369 3788 Ut
398 3723 542 3786 lucerent
568 3709 669 3810 [uper
699 3730 831 3782 terram.
913 3731 1026 3782 aturae
1055 3716 1212 3784 ordinem

96 3810 240 3896 pulchre
267 3803 425 3872 describit
452 3801 625 3888 scriptura.
678 3799 842 3888 Quamyie
869 3800 960 3866 enim
989 3799 1142 3868 eoele'llia
1160 3803 1211 3868 lu·

96 3888 242 3958 minaria
264 3891 322 3955 lub
343 3887 440 3954 terrie
460 3889 574 3954 lucere
594 3883 741 3950 humina
764 3883 928 3972 opinione
946 3900 1131 4032 putenturt
1160 3905 1212 3952 re·
1322 3962 1343 3974 “

13 3969 17 3976 ’
67 3997 176 4042 -rum
205 3989 317 4038 tamen
343 3973 429 4040 ratio
459 3969 698 4038 incunctanter
725 3971 866 4045 edocet,
897 3991 946 4034 nu
972 3975 1026 4036 am
1053 3983 1210 4035 naturam

97 4077 187 4126 terra
208 4055 403 4122 inferiorem
423 4057 513 4146 posse
534 4053 606 4119 else.
649 4051 807 4120 Medium
827 4051 1010 4140 siquidem,
1038 4049 1210 4119 infimum·

98 4163 166 4230 que
188 4139 296 4207 totino
314 4141 504 4205 mundanae
525 4134 775 4221 constitutionis
789 4135 923 4235 obtinet
937 4137 1072 4236 loeuutt
1096 4155 1136 4202 ac
1148 4153 1211 4238 per

99 4231 166 4298 boc
177 4226 278 4294 'nulla
293 4241 457 4312 ‚corporea
478 4237 630 4296 creatura
649 4218 739 4294 insta
761 4219 1209 4308 eamrutelligrtur.,1’rorn·
