3036 4862
221 167 412 318 'ero‘
482 213 484 220 ·
544 161 549 170 “
614 181 1064 296 neumatum.

190 505 214 528 .-
256 365 342 487 'um
369 425 451 476 vero
465 374 642 506 {quonium
663 397 728 495 'per
753 405 979 508 inperium.
1009 404 1079 494 ipta
1108 425 1149 474 ea
1166 427 1243 494 ·qua
1271 403 1387 472 omnia

273 488 1002 674 tutta„ututfteuutt⁶.
1018 491 1387 674 annuet

272 657 314 722 ab
347 658 463 724 eadem
492 671 595 726 enam
623 673 749 724 manua
779 661 983 724 Trinitatem
1019 678 1141 722 orman
1159 679 1232 724 nnn
1254 658 1386 725 dubito.

271 741 334 806 Mc
349 739 440 806 Hine
460 740 629 828 ambigere
650 740 891 810 llnltiffimumt
927 741 995 808 iola
1015 740 1130 828 itaque
1151 741 1268 808 divina
1290 763 1386 808 meua

156 875 176 915 ·.
200 859 209 879 κ
272 822 433 892 notitiam
454 827 622 892 humanae
641 825 783 902 mentia,
805 827 953 914 petitae,
980 823 1219 912 disciplinatu,
1242 826 1387 892 alelot·

271 921 383 976 mutae
402 929 514 974 veram
537 907 679 996 poffidet
698 909 886 984 notionem.
932 914 974 975 D.
1003 908 1061 974 Nil
1081 909 1195 974 verina
1216 909 1385 976 aestiman-

184 1057 187 1070 ,
272 995 366 1060 dum.
407 993 458 1058 Μ.
495 995 643 1060 Putaaue
664 992 757 1060 aliud
776 995 840 1058 elle
859 997 1041 1060 humanam
1063 1008 1213 1058 mentem
1237 1009 1271 1058 et
1291 992 1386 1058 aliutl

271 1075 450 1140 notionem
483 1080 555 1156 ejua
576 1077 613 1142 in
634 1093 750 1142 mente
771 1077 948 1144 formantia
970 1091 1004 1150 et
1025 1075 1224 1142 noscential
1255 1081 1299 1142 D.
1320 1079 1385 1142 ab·

133 1175 137 1180 ·
271 1157 321 1224 bt.
362 1161 435 1234 imo
456 1183 537 1226 veto
558 1159 713 1248 intelligo
736 1183 808 1228 non
831 1161 930 1228 aliam
953 1159 1255 1230 elle‘iubllantiam
1278 1159 1385 1225 totiua

270 1241 421 1308 hominia
449 1243 511 1310 nili
540 1243 632 1310 luam
653 1244 831 1310 notionem
853 1245 890 1310 in
912 1261 1027 1310 mente
1048 1243 1205 1322 artifieio,
1235 1243 1295 1332 qui
1316 1265 1386 1310 om-

270 1323 692 1478 lltnt'llqttttltssl
711 1327 1387 1500 {tlttlffltlllttllttt{tt

271 1513 312 1560 oo
363 1491 410 1558 ita
429 1495 526 1571 lunt,
551 1495 713 1583 quoniam
734 1496 770 1562 in
792 1495 803 1560 i
830 1497 862 1560 la
882 1494 1118 1582 perfectiffime
1136 1497 1225 1562 facta
1238 1511 1272 1560 et
1285 1511 1389 1560 aeter·

270 1599 314 1642 ua
329 1575 394 1642 iter
427 1593 461 1643 et
490 1578 746 1644 immutabiliter
766 1520 914 1646 tuifittit.
957 1582 1202 1646 neutrumne
1227 1601 1307 1664 ergo
1328 1583 1388 1644 ho·

270 1659 399 1726 minem
421 1661 562 1730 definire
582 1665 637 1730 lie.
666 1667 779 1729 Homo
805 1663 849 1730 est
869 1663 968 1730 notio
990 1668 1153 1751 quaedam
1175 1663 1386 1728 intellectua-

270 1742 312 1808 lia
344 1743 380 1810 in
411 1759 527 1812 mente
555 1745 673 1812 divina
703 1747 916 1812 aeternaliter
943 1749 1042 1814 laeta.
1085 1752 1127 1812 D.
1158 1747 1328 1812 Veriffima
1351 1761 1387 1810 et

270 1827 498 1913 probatiffima
532 1829 686 1896 delinitio
708 1831 858 1896 hominia
880 1832 924 1896 ell
944 1831 1019 1898 illut
1049 1847 1084 1896 et
1104 1853 1175 1896 non
1197 1831 1306 1896 solum
1326 1833 1387 1894 ho·

270 1909 392 1988 minio,
426 1937 544 1980 verum
578 1914 679 1980 etiam
711 1915 865 1982 omnium
897 1939 982 2003 quae
1010 1915 1047 1980 in
1084 1915 1200 1980 divina
1223 1914 1386 2002 sapientia

270 1993 360 2060 laeta
392 1995 480 2063 lunt.
524 1999 597 2068 Nec
624 2019 743 2064 vereor
764 2021 821 2064 eoa
844 1999 903 2087 qui
927 1999 1097 2066 definiunt
1117 1996 1293 2064 hominem
1314 2015 1386 2063 non

271 2077 457 2146 fecundum
487 2085 581 2168 quod
607 2081 813 2170 intelligitur
842 2085 922 2158 elie,
957 2085 1014 2149 led
1043 2105 1083 2148 ex
1108 2083 1162 2148 bia
1192 2103 1278 2169 quae
1298 2082 1388 2146 eirea

271 2185 349 2230 eum
380 2163 638 2252 intelliguntur,
673 2165 839 2240 dicenter.
873 2169 977 2248 homo
1005 2167 1050 2232 est
1078 2165 1201 2231 animal
1222 2165 1388 2230 rationale

270 2241 435 2322 mortale.
458 2250 571 2314 lenlua
593 2264 628 2314 et
650 2248 850 2336 disciplinae
872 2270 996 2335 capax,
1020 2265 1055 2312 et
1075 2251 1168 2336 quod
1189 2249 1234 2312 est
1253 2247 1389 2314 mirabi-

160 2359 167 2370 ¹
269 2330 358 2403 lina,
389 2334 478 2396 bane
506 2331 744 2400 definitionem
774 2333 920 2397 uliadem
954 2347 1097 2396 vocant:
1131 2335 1226 2397 dum·
1244 2353 1317 2398 non
1347 2333 1389 2397 fit

147 2615 155 2638 ο
243 2587 349 2646 'nam

270 2410 515 2500 substantialia.
539 2416 596 2480 led
617 2414 705 2480 eirea
726 2413 940 2480 substantiam
965 2413 1079 2480 exitia
1124 2437 1185 2479 uae
1206 2437 1267 2502 per
1279 2437 1387 2562 gene·

270 2495 438 2562 rationem
457 2498 657 2598 iubilantiqe
678 2499 838 2564 accidunt
858 2497 1063 2597 extrinlequa
1088 2521 1106 2562 a
1133 2513 1238 2565 umta.
1312 2499 1385 2599 utiq

270 2584 674 2752 utta
692 2585 954 2732 neten
967 2582 1289 2753 nubunt
1302 2584 1386 2730 tt

271 2770 352 2814 uem
375 2747 611 2816 definitionem
633 2765 668 2814 et
689 2749 926 2816 collectionem
943 2748 1090 2836 partium
1102 2750 1279 2836 superant,
1302 2751 1385 2814 dum

272 2833 315 2897 tle
336 2835 461 2898 eaelle
483 2849 615 2898 tantum
637 2834 870 2920 praedicatur,
892 2855 963 2900 uon
986 2847 1099 2898 autem
1121 2837 1213 2920 quod
1235 2834 1284 2898 stt.
1326 2835 1386 2898 So·

270 2916 303 2981 la
336 2915 461 2982 etenim
483 2939 524 2986 ac
544 2939 622 2982 vera
644 2919 773 2984 ustadea
796 2917 951 2984 definitio
971 2916 1035 2992 est,
1066 2937 1153 3004 quae
1173 2916 1386 2998 solummodo

260 2998 413 3068 'affirmat
435 3001 497 3066 elle
520 3018 554 3066 et
574 3017 676 3088 negat
691 3001 780 3100 ¹quid
802 3003 874 3068 elle.
917 3003 967 3066 Μ.
992 3001 1082 3064 Num
1104 2999 1168 3064 tibi
1184 3000 1321 3064 videtur
1336 3021 1386 3063 re·

270 3105 347 3152 tum
363 3112 366 3126 ⁴
381 3084 535 3150 omnium
573 3085 775 3152 lenlibilrum
807 3100 843 3150 et
858 3081 1139 3171 'intelligibilium
1167 3103 1254 3170 quae
1277 3081 1388 3230 ξωεβ

271 3169 419 3234 bumana
440 3191 535 3234 mena
558 3167 766 3255 intelligere,
803 3167 981 3234 notionem
1011 3171 1180 3253 quandam
1210 3166 1247 3231 iu
1302 3187 1385 3230 onn-

269 3273 316 3318 ne
346 3251 433 3316 eliel
467 3254 509 3314 D.
539 3251 678 3316 Videtur
703 3255 820 3339 plane:
854 3250 1048 3337 etquidem
1071 3273 1132 3338 per
1152 3254 1219 3316 hec
1240 3249 1386 3315 inanime

270 3333 474 3436 intelligitur
495 3337 599 3399 bomo
622 3337 667 3400 ell
687 3339 780 3423 quod
801 3350 1024 3409 cunctorum,
1048 3355 1133 3434 quae
1153 3335 1220 3398 live
1241 3331 1386 3422 aequali·

272 3433 323 3484 tet
344 3419 403 3484 libr
426 3433 537 3484 ereata
557 3419 653 3494 lunt,
675 3421 742 3486 five
766 3417 888 3506 quibua
905 3417 1072 3484 dominam
1089 3419 1200 3505 praeci
1226 3417 1305 3492 itur,
1330 3419 1404 3480 da·.

271 3517 345 3566 tutu
367 3503 411 3568 est
432 3501 464 3566 ei
485 3504 608 3567 habere
678 3503 818 3568 tionem.
862 3503 1045 3588 Quomodo
1075 3501 1166 3566 enim
1213 3499 1384 3566 ominatur

271 3605 388 3652 eorum
422 3584 555 3650 bomini
584 3589 642 3652 clar
665 3602 719 3650 tur
747 3607 890 3674 quorum
920 3582 1098 3653 notionem
1127 3605 1198 3650 non
1219 3581 1384 3648 baberet?

270 3667 446 3756 Siquidem
468 3669 663 3736 dominatui
684 3669 776 3736 illiue
794 3685 937 3744 erraret,
965 3669 988 3732 fi
1010 3691 1048 3732 ea
1069 3689 1155 3755 quae
1175 3681 1309 3753 regeret
1328 3685 1387 3730 ne·

122 3738 150 3814 '2
269 3751 387 3830 leirett
422 3753 516 3841 quod
545 3753 747 3841 apertiss'ame
773 3752 889 3819 diviua
921 3750 1020 3817 nobie
1048 3749 1179 3816 indicat
1198 3750 1383 3840 Scriptura,

269 3833 408 3913 diaetae,
439 3841 606 3904 romam
633 3842 738 3924 igitur·
764 3839 934 3904 Dominus
960 3837 1058 3900 Dans
1078 3836 1120 3898 tia
1142 3837 1239 3901 burro
1259 3835 1387 3898 cuneis

269 3918 493 3988 nutantem
520 3935 630 3988 tetrae
658 3936 694 3988 et
718 3919 877 4010 uniuersas
894 3919 1084 3986 volantibus
1102 3919 1203 3994 coeli,
1237 3909 1387 3984 obduxit

154 4015 158 4036 '
270 4027 311 4070 aa
331 4005 378 4074 mi
396 4007 576 4079 Atiniam,
597 4020 636 4072 ut
655 4007 788 4074 vienn
807 4007 890 4094 quid
909 4017 1047 4072 obturat
1067 4025 1126 4068 aaa
1161 4027 1255 4068 omna
1275 4015 1386 4067 nutam

177 4140 181 4149 f
270 4091 359 4175 qttod
386 4093 524 4158 voravit
552 4093 700 4159 Aemus
726 4096 856 4158 animoa
876 4091 1040 4164 vinantis,
1075 4086 1182 4176 ipsunt
1202 4087 1254 4177 ast
1271 4106 1387 4154 nouam

271 4176 353 4264 eiua.
398 4174 773 4264 Utuidnattinquit,
803 4177 871 4247 bue
892 4175 954 4253 eil,
983 4169 1269 4260 exinanitque,
1303 4169 1387 4258 quta

688 4489 1056 4564 ,,.
