3048 4856
242 193 324 278 229
581 193 1035 281 dommartinum
1164 199 1173 212 '

240 379 368 452 ralibus
399 380 630 481 incorporales
663 399 860 484 nascuntur.
910 385 990 454 Non
1020 382 1114 486 enlm
1144 403 1185 458 ert
1213 383 1359 453 materia

242 467 470 622 {ltili-lit
489 466 1358 621 rffifficppr·cg331fiebppepengpgorrpp

240 634 299 700 sed
320 632 409 700 eirea
431 573 589 722 eclipses,
610 597 860 724 intelliguntur.
902 575 1119 724 deperqboc
1139 635 1191 700 nil
1211 573 1359 702 stirpensi:

162 793 164 797 ,
234 715 438 796 uenientius
472 739 512 783 ac
531 719 738 797 naturalius,
771 743 872 809 quam
892 737 934 785 ut
954 717 1360 786 intellectuales‘numeri

239 801 279 867 in
298 804 400 868 rebus
420 800 654 890 incorporeis,
678 819 713 896 et
734 825 775 870 ex
794 803 1063 893 incorporalibus
1088 801 1229 902 sumptis
1247 804 1357 868 virtu·

240 901 312 952 tem
331 885 425 966 suam
447 886 642 963 ostendant,
665 903 700 952 et
719 889 823 954 modo
845 893 990 976 quodam
1011 885 1178 952 ineffabili
1197 909 1236 950 an
1254 907 1359 974 gene-

98 1053 102 1056 ,
238 969 407 1036 rationem
428 969 614 1036 sensibilem
634 970 717 1038 sacti
736 977 932 1059 procedant.
964 970 1222 1058 Prospectisque
1237 991 1359 1035 rerum

131 1119 134 1126 a
240 1053 430 1122 rationibus
458 1075 537 1122 nottx
562 1071 689 1122 temere
715 1055 792 1144 quis
817 1056 941 1122 dixerit
968 1055 1055 1143 ipsas
1075 1054 1284 1142 phantasias,
1315 1053 1357 1118 in
1424 1110 1431 1140 ἡ

262 1137 364 1202 uibus
395 1137 531 1203 numeri
564 1139 598 1203 se
618 1137 838 1205 interioribus
859 1139 1113 1206 numerantium
1135 1137 1243 1202 oculis
1264 1144 1360 1222 pate·
1394 1173 1399 1180 ·

240 1160 392 1298 iaciunt,
415 1243 488 1288 non
511 1222 648 1289 aliunde
668 1221 730 1289 nist
753 1226 793 1288 ab
815 1225 892 1312 iplis
913 1222 1186 1310 intelligibilibus
1203 1219 1358 1285 numeris

238 1307 438 1394 proveniret
467 1327 548 1390 nam
575 1309 601 1372 li
629 1308 848 1374 numerositas
876 1309 1060 1374 formarum
1092 1303 1296 1370 sensibilium
1316 1303 1357 1368 in

195 1425 199 1443 ι
240 1389 364 1539 puibus
384 1389 524 1490 materie
545 1391 761 1492 continetur,
778 1407 821 1492 ut
834 1392 981 1458 lenstbus
991 1387 1091 1490 pellit
1101 1387 1244 1537 percipi,
1258 1384 1361 1486 fiqpi·

241 1475 1221 1646 ,abstitit'tldattllglldlsubstitisti:
1235 1473 1360 1652 tibi:

237 1663 317 1708 rum
336 1640 500 1708 videlicet
520 1644 758 1708 numerositate
779 1664 840 1730 per
863 1663 1043 1730 corporeos
1065 1640 1178 1705 sensus
1192 1659 1360 1703 memorre

237 1725 421 1807 phantasiis
439 1727 696 1792 contemnem,
709 1726 769 1786 ‚nil
790 1726 883 1792 eliud
901 1727 1020 1801 restat,
1048 1724 1112 1790 nili
1131 1736 1172 1786 ut
1190 1721 1359 1809 intelliga-
1371 1715 1389 1738 ‘

238 1821 343 1875 mua-r
363 1819 538 1866 :numeros
569 1799 816 1886 intellectuales
847 1829 887 1871 ex
915 1810 1062 1874 monade
1092 1803 1223 1906 duplici
1252 1807 1359 1871 modo

238 1887 363 1960 fluere,
386 1889 421 1948 ‘et
439 1882 477 1948 in
499 1882 664 1949 memoria
682 1883 790 1950 laetos
813 1888 887 1950 acie
906 1893 1031 1956 mantis
1051 1888 1284 1972 multiplicari,
1308 1890 1359 1954 ‹li-

237 1967 332 2046 vidi,
364 1959 571 2054 comperiri,
602 1965 733 2056 colligi,
763 1967 867 2036 uniri.
909 1972 979 2036 dut
999 1969 1110 2046 enim,
1133 1985 1174 2032 ut
1191 1970 1359 2056 praedixi·

237 2049 737 2203 tttzltailsstlttlmll
767 2051 1359 2203 ‘tl‘llttttl‘lltlilmmt

237 2220 353 2287 sensus
384 2239 584 2304 corporeos,
620 2157 811 2306 ilerumgue
839 2161 880 2286 eir
906 2221 983 2308 ipsas
1005 2217 1042 2309 in
1066 2223 1209 2285 eandem
1229 2243 1359 2287 memo·

178 2349 182 2356 „
237 2303 324 2369 riam
352 2303 550 2377 confluunt,
583 2301 620 2367 in
651 2325 717 2390 qua
747 2303 970 2390 phantasticas
1005 2303 1212 2391 accipientes
1233 2305 1359 2383 formas
1391 2333 1395 2342 ¹

237 2387 347 2462 fiunt,
380 2383 671 2473 interioribusque
692 2387 837 2452 senfibus
858 2389 1095 2458 succumbunt.
1137 2390 1187 2453 Ac
1206 2410 1269 2474 per
1289 2395 1358 2457 hoe
1387 2415 1392 2422 ·

238 2489 377 2558 quoquo
406 2471 511 2534 modo
540 2468 675 2534 numeri
701 2469 876 2568 patiantur
903 2470 1070 2559 perspici,
1113 2492 1186 2536 non
1218 2472 1358 2539 aliunde

236 2551 302 2620 nili
331 2574 351 2617 a
372 2551 554 2639 semetipsis
577 2551 798 2640 apparitionis
819 2555 898 2619 suae
919 2555 1128 2622 occasionem
1148 2555 1357 2644 percipiunt.
1434 2607 1439 2614 .

236 2636 385 2704 Perinde
414 2651 450 2701 et
476 2636 515 2702 in
535 2640 681 2703 monade
702 2638 831 2702 aeterni
845 2639 951 2736 sunt,
987 2655 1022 2740 et
1044 2661 1064 2703 a
1084 2637 1194 2725 seipsis
1215 2639 1253 2703 in
1276 2661 1356 2740 qup-

236 2723 1023 2894 stellet?ttttliltttttttt‘lllitit
1050 2723 1357 2882 librislilris

236 2889 274 2956 in
284 2887 1009 2976 memoriaexspeciebuarerumsenlibilium
1033 2891 1357 2978 ormatapbantaliaa

237 2977 399 3062 quasdam
432 2973 471 3038 in
501 2973 635 3066 quibus
656 2989 839 3072 appareant
867 2971 978 3036 veluti
1010 2972 1092 3038 sacti
1114 2974 1156 3037 de
1176 2971 1287 3060 seipfia
1308 2975 1358 3041 sa·

237 3057 379 3124 cientes.
420 3059 464 3134 D.
485 3058 539 3122 De
560 3079 712 3122 numetis
732 3057 811 3122 satis
836 3057 1033 3133 ellectum,
1066 3055 1121 3120 bis
1144 3055 1237 3122 enim
1259 3079 1357 3146 argu·

90 3221 93 3228 ¹
235 3141 364 3214 mentia
385 3139 585 3215 conficitur,
607 3142 762 3228 clareque
781 3139 1003 3227 intelligitur,
1039 3137 1102 3205 ubi
1124 3139 1254 3205 aeterni
1275 3143 1357 3208 sunt

166 3255 168 3260 ’
238 3241 274 3290 et
302 3227 473 3313 quomodo
504 3223 684 3310 patiuntur
704 3223 796 3301 fieri,
828 3237 869 3289 'ut
889 3244 962 3288 non
983 3221 1155 3288 immerito
1175 3223 1356 3372 perspicia·

235 3329 312 3374 mua
344 3329 402 3375 eoa
431 3322 467 3372 et
494 3323 649 3372 aeternos
680 3309 762 3385 elle,
796 3324 831 3374 et
852 3309 978 3372 factos:
1011 3307 1070 3372 sed
1090 3326 1251 3394 quorum
1269 3313 1355 3376 baec

236 3393 381 3456 tendant
402 3389 558 3459 intentus
579 3405 732 3478 expecto.
762 3393 841 3457 Non
864 3391 956 3457 enim
977 3407 1116 3478 propter
1135 3391 1171 3456 se
1191 3391 1204 3456 i
1231 3391 1274 3471 sa,
1296 3394 1355 3460 led

235 3489 377 3562 propter
404 3471 497 3538 aliud
532 3473 616 3560 quid
637 3475 847 3540 suadendum
867 3475 1063 3540 introducta
1083 3475 1172 3540 sunt.
1257 3475 1354 3542 .Μὶ-

236 3580 294 3623 ror
326 3578 388 3622 cur
420 3572 490 3622 tam
511 3557 580 3622 cito
604 3558 730 3627 oblitus
752 3581 787 3624 es
809 3557 881 3644 tui3
909 3561 996 3623 Nam
1045 3560 1122 3623 aulo
1145 3574 1224 3624 ante
1243 3561 1355 3646 pollu-
1491 3603 1492 3612 κ

233 3639 307 3706 lasti
327 3662 347 3705 a
366 3662 423 3706 me
442 3639 609 3706 naturalia
631 3645 782 3729 exempla
804 3642 927 3732 quibus
973 3663 992 3706 o
1020 3663 1074 3707 em
1087 3658 1122 3707 te
1135 3641 1355 3712 introducere

235 3728 281 3791 ad
299 3723 563 3813 intelligentiam
583 3733 712 3792 eorum*
724 3731 766 3792 de
788 3725 911 3814 quibua
958 3724 1206 3812 isputabamua,
1238 3725 1277 3794 id
1297 3727 1354 3808 esi,

234 3808 399 3900 quoniam
413 3807 528 3875 omnia
542 3831 677 3896 quaeex
686 3811 858 3888 Deosunt,
873 3825 1007 3877 aeterna
1017 3811 1113 3876 simul
1125 3811 1255 3896 etsacta
1264 3813 1353 3890 sunt.

236 3909 273 3960 et
292 3891 438 3960 maxime
457 3897 640 3982 quomodo
653 3898 747 3960 Deus
768 3895 840 3994 ipse
862 3891 897 3960 it
916 3893 1025 3960 iactor
1045 3893 1201 3960 omnium
1223 3895 1284 3973 est,
1318 3907 1355 3960 et

234 3975 276 4044 in
298 3977 457 4044 omnibus
478 3977 536 4054 fit,
558 3979 644 4045 haec
668 3979 713 4045 est
736 4001 829 4044 emm
848 3979 977 4044 summa
991 3977 1101 4044 totius
1115 3977 1246 4046 nostrae
1283 3997 1355 4044 rae·

234 4059 342 4127 sentia
360 4058 643 4128 ratiocinationis.
684 4067 728 4130 D.
749 4061 879 4130 iamin
899 4083 956 4128 me
978 4061 1088 4150 ipsum
1108 4063 1224 4130 redeo.
1297 4078 1363 4130 aur

235 4143 438 4219 uiffieunts
465 4145 718 4236 praedictorum
739 4163 782 4216 ‘et
801 4143 1112 4235 adbiteincoguite
1130 4145 1354 4218 mihi-aerum
1491 4211 1492 4262 1
