2952 4824
479 267 588 340 later
607 265 759 342 marm.
921 231 929 350 ,Ι
1118 271 1174 342 ts

79 471 122 534 te,
155 469 214 520 aut
245 453 356 521 minus
377 455 552 543 capacium
575 451 806 522 auimomme
852 475 973 522 avesco
994 454 1171 540 impetum,

77 555 112 638 ut
129 559 165 604 ca
186 561 272 626 quae
292 559 371 604 vera
390 538 477 604 ratio
499 541 587 638 clare
607 539 754 627 colligit,
776 539 813 604 in
838 539 1075 637 ubitanterquc
1090 537 1188 610 ciffi„

77 623 872 802 l:⁹.leitils}teltllstlilttst‘zisa
898 624 1173 792 ttisttld

78 790 119 852 ml
138 789 271 854 suavius
294 789 400 854 estad
421 789 629 854 audiendum
648 809 728 854 vcra
748 789 901 867 ratione;
922 790 973 854 nil
996 788 1173 853 delectabi-

77 873 132 936 lius
158 875 201 938 ad
227 871 512 960 investigandum,
542 876 679 960 quando
708 873 897 960 quaeritur3
927 873 977 938 nil
998 869 1173 958 pulchrius

44 931 112 1028 iad
139 957 456 1054 contemplandum,
493 960 628 1044 quando
656 956 841 1021 invenitur.
884 959 951 1022 Sed
977 955 1060 1043 quid
1079 976 1174 1042 prac-

25 1117 32 1127 .
76 1038 153 1104 dicta
174 1039 435 1105 ratiocinatione
455 1039 585 1106 moliris
606 1041 698 1104 nosse
720 1056 853 1127 expeto.

127 1137 176 1198 70.
211 1125 261 1187 M.
292 1123 385 1210 Quid
414 1121 478 1186 tibi
509 1123 643 1188 viderer
663 1121 715 1188 his
736 1119 1085 1210 argumentationibus
1104 1143 1172 1187 ma·
1199 1139 1205 1148 ’

76 1201 209 1278 cbiuari,
231 1204 295 1270 nisa
315 1221 355 1270 ut
376 1204 564 1292 intelligas,
589 1209 874 1294 quemadmodum
894 1205 1113 1294 significativa
1124 1227 1173 1269 re·

75 1309 138 1351 rum
158 1291 338 1367 vocabula,
374 1291 440 1354 five
463 1289 715 1356 substantiarum
736 1291 816 1368 lint,
844 1291 910 1354 five
932 1287 1171 1365 accidentium,
1234 1348 1240 1362 ,

77 1369 134 1436 lise
148 1372 371 1448 essentiarum,
395 1373 601 1450 translative,
617 1395 688 1439 non
705 1389 818 1438 autem
855 1373 983 1460 roprie;
994 1393 996 1398 ·
1006 1372 1054 1438 ita
1070 1371 1173 1438 etiam

61 1453 283 1550 ,significativa
306 1457 511 1520 naturalium
531 1456 590 1522 scu
610 1475 689 1522 non·
703 1397 910 1522 naturalium
934 1471 1074 1520 naturae
1094 1477 1174 1522 con·
1287 1503 1291 1518 .

79 1539 155 1603 ditae
174 1555 334 1604 motuum
353 1541 456 1604 verba
478 1543 520 1606 de
542 1555 662 1605 natura
676 1539 864 1606 conditrice
875 1539 1079 1615 translative,
1100 1560 1173 1604 non

76 1636 173 1686 autem
193 1623 333 1710 proprie
353 1623 445 1708 posse
465 1623 678 1709 praedicaris
712 1623 863 1690 sienim
885 1622 1097 1688 essentiarum
1115 1642 1174 1688 vo·

75 1707 195 1784 cabula,
216 1706 280 1771 seu
300 1705 571 1782 substantiarum,
596 1707 654 1772 seu
677 1706 926 1784 accidentium,
951 1727 1022 1772 non
1044 1725 1181 1782 revers„

75 1786 123 1850 led
141 1792 285 1874 quadam
303 1787 496 1855 neccffitate
515 1789 698 1855 ineffabilis
719 1805 860 1856 naturae
880 1789 1117 1878 significandae
1133 1787 1173 1853 iu

75 1871 138 1933 Deo
158 1887 352 1969 ponuntur,
375 1893 459 1936 num
480 1873 660 1938 necessario
677 1873 845 1960 sequitur,
866 1890 907 1938 ut
924 1889 958 1938 et
972 1876 1073 1940 rerba
1087 1892 1174 1961 quac

77 1953 293 2029 cllmuarum,
326 1953 598 2032 substantiarum,
631 1956 859 2022 accidentium
886 1956 1077 2044 significant
1100 1975 1173 2021 rno-

77 2049 130 2111 tus,
160 2039 276 2136 roprie
293 2040 336 2102 dc
352 2039 427 2102 Deo
444 2036 513 2102 dici
528 2061 598 2104 non
636 2037 749 2114 offinta
772 2039 831 2126 qui
846 2061 982 2104 omnem
991 2039 1172 2115 essentiam,

77 2117 125 2216 iub
165 2139 296 2196 otram,
333 2141 501 2207 omneque
525 2121 596 2188 acci
622 2142 702 2197 cns,
726 2142 929 2208 omnemque
948 2138 1097 2220 motum,
1119 2141 1176 2220 ac·

76 2203 1176 2374 ll‘{stlerl‘gltisttt..tilltlllststtlls‘dt:

76 2368 176 2456 ligitur
197 2387 230 2436 et
253 2387 367 2434 tamen
390 2368 439 2434 cis
460 2369 561 2446 inest,
593 2369 924 2455 incomprehensibili
943 2368 1176 2458 ineffabilique

77 2451 143 2517 luae
169 2470 313 2518 naturae
342 2453 540 2518 excellentia
567 2452 839 2539 superascendit?
873 2451 968 2539 Quid
988 2453 1105 2518 enim?
1138 2452 1177 2518 Si

77 2539 157 2601 Deus
184 2561 245 2627 per
277 2540 508 2626 metaphoram
544 2535 801 2612 amorslicitur,
837 2539 919 2602 dum
938 2537 978 2600 lit
997 2539 1176 2622 plusquam

79 2641 175 2696 amor,
197 2641 406 2707 omnemque
429 2621 562 2708 superat
582 2637 752 2700 amorem
774 2640 835 2683 cur
854 2639 926 2684 non
939 2623 1175 2686 eodemmodo

78 2723 173 2769 amare
194 2703 384 2778 diceretur,
416 2705 496 2768 dum
517 2719 649 2767 motum
669 2701 791 2766 amoris
813 2717 993 2788 exuperat,
1024 2702 1103 2789 quia
1123 2701 1176 2766 ui·

78 2787 118 2849 bil
140 2805 272 2874 praeter
303 2786 448 2872 seipsum
470 2785 621 2871 appetit,
660 2786 741 2873 dum
762 2785 850 2850 solus
872 2785 987 2850 omnia
1006 2784 1043 2848 in
1068 2784 1201 2856 omui.

77 2861 130 2933 b'us
148 2872 209 2936 satl
233 2869 400 2936 Similiter
419 2869 443 2933 [ι
465 2891 483 2932 a
508 2889 567 2935 ens
589 2883 624 2932 et
638 2883 746 2942 actor,
770 2864 898 2932 faciens
916 2869 1080 2944 etfactor,
1102 2889 1175 2934 non

77 2955 132 3032 jam
149 2953 306 3042 proprie,
341 2953 399 3016 scd
418 2891 524 3016 morio
546 2952 692 3038 quodam
715 2949 942 3016 translationis
962 2950 1177 3038 nominatum

80 3055 130 3098 cur
146 3059 214 3103 non
237 3053 274 3102 et
296 3057 394 3122 agere
415 3050 449 3100 et
470 3035 597 3110 lacere,
624 3035 679 3098 vel
700 3032 754 3120 agi
775 3035 832 3096 vel
852 3033 924 3118 pati
945 3035 1065 3098 eodem
1084 3035 1177 3098 locu·

79 3117 169 3185 tionis
197 3141 323 3208 genere
352 3116 626 3205 praedicaretur?
671 3119 724 3180 Dc
757 3115 896 3180 caeteris
923 3131 1036 3180 autem
1063 3115 1177 3180 verbis

79 3223 151 3286 quae
178 3224 298 3270 omncs
328 3201 434 3266 totius
455 3199 628 3264 mutabilis
643 3214 821 3264 «creaturae
840 3213 970 3273 motus,
1003 3199 1178 3262 seunatu·

78 3287 170 3363 tales,
206 3287 265 3351 scu
286 3306 359 3350 non
381 3286 567 3358 naturales,
591 3279 654 3346 seu*
669 3282 932 3357 intellectuales,
956 3282 1014 3345 seu
1033 3281 1178 3346 rationa-
1302 3324 1309 3334 ·

79 3368 169 3445 biles,
192 3371 249 3434 seu
271 3367 535 3441 irrationabiles,
559 3367 617 3430 scu
639 3367 848 3450 corporales,
874 3365 931 3429 seu
948 3363 1178 3450 incorporeos,

81 3451 130 3515 seu
149 3455 294 3527 locales,
315 3453 374 3516 seu
395 3451 615 3536 temporales,
637 3464 763 3522 rectos,
790 3448 967 3534 obliquos,
991 3451 1178 3535 angulares,

80 3534 263 3614 circulares,
297 3533 487 3623 sphaericos
509 3532 715 3618 significant,
749 3531 898 3596 similiter
917 3531 1180 3618 intelligendum

81 3619 134 3681 elle
153 3620 303 3684 arbitror.
347 3621 391 3680 D.
428 3619 619 3682 Admodum
640 3635 739 3702 urges
759 3637 814 3679 me
836 3600 915 3679 talisi
935 3614 1181 3680 rationabiliter

82 3699 182 3777 lateri,
203 3704 261 3768 sed
284 3699 484 3766 auctoritate
502 3701 692 3764 sanctorum
705 3713 839 3786 patrum
853 3697 991 3786 aliquod
1003 3697 1180 3764 munimen
1236 3705 1242 3732 ⁸

83 3786 215 3852 adhaec
234 3786 426 3850 roboranda
445 3782 549 3848 velim
569 3781 704 3848 inieras.

133 3882 180 3944 71.
215 3869 266 3934 M.
296 3869 377 3932 Non
405 3867 540 3955 ignoras
561 3880 601 3930 ut
621 3865 745 3953 opinor
763 3861 899 3946 mdioris
922 3861 1097 3951 dignitatis
1119 3863 1182 3930 elle

82 3954 162 4094 qpod
180 3951 276 4038 prius
301 3951 352 4016 cll
365 3965 506 4050 matura,
528 3971 630 4037 quam
653 3947 858 4098 ‘iiidpi‘iu‘
881 3948 925 4048 cst
946 3962 1108 4046 tempore.
1136 3949 1179 4009 D.
1204 4033 1207 4040 ἱ
1239 4023 1248 4054 ,

81 4053 288 4195 statu
309 4037 812 4204 assuetus...
827 4035 1184 4198 turstatt
1220 4149 1230 4166 .

82 4196 128 4265 sis
156 4201 250 4269 cuim
277 4217 398 4272 ustura
425 4201 522 4272 simul
550 4221 630 4271 cum
651 4216 804 4292 tempore
823 4213 934 4266 creata
952 4199 1010 4276 sit3
1041 4215 1113 4264 non
1133 4208 1182 4262 ta·

1231 4303 1244 4346 κ
