3048 4856
260 144 338 219 Μ
547 119 550 128 ’
595 145 650 216 lle
669 144 853 216 lliririonc
871 141 1044 216 Nanctus.
1134 165 1141 182 ·

265 331 302 397 Si
330 342 443 395 autem
470 329 642 417 praedicta
673 330 787 397 omnia
815 327 1040 416 incorporalia
1070 327 1147 392 lunt
1180 323 1389 411 corporibus

265 411 498 490 adhaerentia,
522 429 556 478 et
577 414 624 488 in,
637 414 817 512 spinetipfia
835 427 926 478 extra
940 432 1081 502 corpora
1096 409 1278 484 intellecta,
1301 407 1386 494 quia

265 496 329 563 rrifi
351 495 511 584 insipiens
533 496 656 562 dixerit
675 497 746 562 vim
769 496 934 562 seminum
955 495 1199 582 incorporalem
1225 513 1266 556 co
1310 513 1389 556 ora·

267 581 312 670 liq
331 579 490 644 materiae
511 583 553 645 ad
576 580 821 682 apparitionem
839 581 930 644 luam
946 577 1126 665 indigere?
1148 515 1389 662 Ablatarliqui·
1481 657 1482 670 χ

253 666 343 750 ,dem
365 663 494 762 specie,
517 685 677 752 omnique
699 663 876 751 qualitate,
910 678 944 728 et
967 660 1174 748 quantitate,
1203 657 1313 722 virtus
1335 657 1388 722 se·

265 746 400 895 quinariis
429 747 466 812 in
495 749 587 812 nuda
620 742 759 813 materia
780 749 875 812 nullo
898 749 1000 812 modo
1020 745 1127 834 potest
1149 745 1207 808 seu
1228 741 1302 808 fieri
1324 741 1390 805 [eu

181 857 183 862 ’
282 847 393 894 entrrr.

333 929 381 991 17.
404 913 598 979 Inconcull'a
618 911 734 1000 itaque
750 911 934 978 authoritas
958 909 1094 975 divinae
1110 907 1301 996 scripturae
1317 926 1388 970 nos

266 995 440 1084 compellit
462 998 615 1072 credere,
641 997 746 1063 totius
768 1012 939 1062 creaturae
959 994 1206 1058 univerlitatem
1223 991 1259 1054 in
1276 993 1386 1054 verbo

265 1079 333 1145 Dei
355 1079 527 1144 conditam
550 1080 624 1146 elle.
669 1081 772 1168 lplius
793 1100 874 1144 vcro
897 1075 1106 1143 conditionis
1126 1075 1293 1140 rationem
1313 1095 1390 1138 om-

267 1185 329 1228 nes
361 1161 555 1228 intellectus
586 1165 623 1226 tu
650 1183 757 1240 erare,
789 1159 921 1249 solique
941 1163 1061 1237 verbo,
1093 1158 1129 1222 in
1154 1179 1221 1245 quo
1245 1156 1390 1222 condita

266 1246 367 1322 runt,
390 1246 562 1333 cognitam
585 1267 602 1310 e
629 1267 658 1312 c.
703 1245 840 1312 sivero
862 1245 914 1309 via
937 1239 1053 1310 audire
1098 1239 1159 1306 uid
1182 1238 1223 1306 de
1244 1239 1389 1304 univcr-

266 1315 370 1394 fitatia
400 1329 600 1395 aeternitate
629 1329 665 1393 in
687 1331 791 1395 verbo
812 1328 878 1392 Dei
901 1326 1028 1401 lentio,
1063 1264 1105 1390 ii
1126 1325 1210 1388 haec
1230 1345 1316 1410 quae
1338 1323 1389 1386 se·

268 1429 420 1499 quuntur
447 1413 602 1478 intentus
631 1413 708 1478 etto.
751 1415 794 1475 D.
825 1410 1067 1476 Praesto-sum.
1111 1409 1160 1473 M.
1183 1408 1275 1471 Num
1296 1405 1386 1470 arbi·

267 1495 363 1560 traria
390 1499 532 1561 verbum
566 1494 630 1558 Dei
662 1496 699 1560 in
736 1516 804 1581 quo
829 1495 917 1559 facta
939 1494 1016 1557 [unt
1038 1490 1153 1557 omnia
1173 1489 1291 1554 vidiffe
1313 1509 1387 1552 om-

269 1577 329 1640 nia
358 1599 443 1662 quae
471 1578 507 1642 in
535 1599 575 1642 co
597 1580 685 1643 facta
708 1577 813 1641 sunt‘l
848 1582 890 1640 D.
912 1576 1064 1642 Arbitror
1084 1575 1173 1638 iane.
1218 1571 1387 1658 Quamvis

269 1657 361 1721 enim
384 1659 500 1722 divina
523 1661 694 1758 operatio,
714 1660 754 1724 'in
779 1682 844 1745 qua
865 1659 1003 1726 condita
1025 1659 1102 1721 sunt
1120 1653 1252 1730 omnia,
1275 1653 1386 1740 tripli·

268 1737 353 1802 citer
375 1740 462 1802 sacra
486 1743 657 1824 Scriptura
677 1742 878 1822 perhibente
904 1737 1112 1833 atbcologia
1134 1738 1384 1812 confideretur3

266 1823 367 1885 Pater
397 1821 488 1885 enim
522 1819 625 1894 facit,
655 1819 692 1884 in
721 1817 809 1883 Filio
837 1817 946 1894 fiunt,
981 1818 1111 1904 Spiritu
1141 1819 1255 1884 sancto
1278 1818 1384 1884 distri·

266 1907 438 1970 buunturt
470 1926 539 1968 una
576 1903 689 1968 ta‘men
711 1917 745 1967 at
768 1924 811 1966 ue
834 1905 949 1966 eadem
971 1902 1186 1988 summaeque
1207 1903 1386 2000 sacraeque

196 2028 207 2040 -
267 1987 429 2050 trinitatis
461 1984 702 2072 cll-operatio.
746 1923 849 2070 Quod
870 1983 962 2050 enim
983 1999 1078 2072 pater
1100 1985 1201 2062 facit,
1237 2001 1272 2051 et
1292 1987 1385 2051 filrus

267 2071 368 2143 lacit,
403 2084 437 2133 et
466 2067 603 2155 spiritus
635 2069 767 2132 sanctus
797 2067 896 2144 facit,
933 2084 967 2133 et
990 2073 1083 2156 quod
1102 2068 1139 2133 in
1161 2069 1233 2134 filio
1255 2069 1385 2136 iactum

269 2154 323 2228 est,
343 2153 382 2223 in
401 2167 494 2238 patre
517 2167 551 2216 et
572 2142 691 2236 spiritu
710 2151 824 2217 sancto
850 2152 978 2216 factum
999 2153 1051 2218 est.
1095 2151 1269 2250 Siquidem
1292 2152 1385 2218 filius

266 2235 305 2300 in
326 2249 421 2321 patre
443 2233 487 2298 est
508 2255 609 2298 omne
630 2237 723 2320 quod
742 2233 778 2298 in
801 2233 873 2300 filio
895 2235 1021 2300 factum
1045 2236 1110 2312 est,
1144 2257 1181 2300 tn
1203 2249 1298 2322 patre
1319 2237 1384 2302 ctre
1481 2295 1482 2302 ,

266 2317 397 2383 necelie
426 2316 479 2379 est.
521 2318 608 2381 Nam
635 2315 760 2382 rationi
781 2339 852 2382 uon
874 2317 1057 2395 convenit,
1091 2335 1131 2382 ut
1150 2317 1382 2406 intelligamus

266 2399 378 2466 filium
397 2397 507 2485 ipsum
529 2400 635 2464 solum
656 2399 693 2463 in
711 2414 827 2546 patre,
867 2422 1006 2467 cavero
1028 2421 1114 2489 quae
1132 2417 1230 2499 pater
1249 2401 1286 2466 in
1309 2403 1383 2466 filio

259 2482 367 2557 decit,
400 2480 437 2545 in
491 2497 559 2546 atre
598 2502 669 2548 non
692 2503 710 2547 e
737 2501 774 2558 e,
806 2483 957 2549 [imiliter
977 2489 1070 2572 quod
1092 2485 1227 2572 spiritus
1249 2485 1384 2552 sanctus

233 2571 236 2580 '
267 2565 378 2632 nutrit
399 2581 434 2628 et
477 2565 642 2642 istribuit,
664 2588 682 2630 a
703 2582 799 2652 patre
820 2583 854 2632 et
874 2568 946 2633 filio
967 2568 1136 2644 nutritur,
1160 2583 1194 2632 et
1217 2568 1382 2633 distribui-

268 2666 334 2714 tur.
377 2647 414 2712 Si
434 2646 548 2737 itaque
569 2648 659 2714 iilius
681 2647 765 2716 iacit
782 2671 870 2738 quae
891 2651 928 2716 in
952 2673 992 2717 co
1015 2653 1102 2718 facta
1124 2652 1202 2716 tunt
1222 2652 1383 2738 nunquid
1481 2697 1482 2702 κ

268 2734 474 2800 credendum
505 2733 549 2797 eli
579 2733 690 2799 fecisse
709 2755 798 2820 quae
818 2755 890 2798 non
912 2734 1024 2800 vidit?
1038 2743 1042 2760 ¹
1057 2732 1176 2800 -viditte
1192 2739 1284 2822 crgo'
1303 2751 1382 2800 eum

269 2838 355 2906 quae
388 2814 472 2880 fecit
505 2831 539 2880 et
570 2815 607 2881 in
633 2836 674 2882 eo
694 2817 782 2883 facta
804 2817 1053 2896 [antemium.
1098 2821 1148 2882 llll.
1170 2821 1274 2884 Recte
1295 2819 1380 2883 arbi·

268 2900 374 2965 tratis.
392 2933 400 2950 ι
417 2899 483 2965 Dic
515 2899 630 2986 itaque
661 2902 833 2987 quomodo
854 2884 943 2966 vidit
963 2915 1079 2988 utrum
1100 2902 1196 2966 sensu
1218 2923 1380 2988 corporeo

268 3007 311 3050 an
333 2982 533 3050 intellectu?
556 2985 599 3048 D.
620 2983 694 3069 Nec
715 2983 811 3050 seusu
834 2983 974 3050 dixerim
996 3006 1061 3050 nec
1080 2984 1256 3050 intellectu
1272 2985 1378 3050 domi&

266 3091 351 3134 num
378 3065 496 3132 vidille
525 3089 611 3154 quae
637 3065 729 3133 fecit.
772 3069 879 3133 Senlu
904 3067 1071 3156 liquidem
1092 3089 1150 3134 cor
1176 3089 1254 3133 oreo
1276 3085 1377 3142 caret.

268 3152 327 3239 qui
347 3151 568 3237 incorporeus
590 3149 652 3225 est,
681 3171 747 3215 nec
766 3151 903 3239 proprie
924 3152 1116 3217 intellectus
1138 3093 1282 3227 dicitur,
1319 3153 1378 3240 qui

265 3249 430 3320 exuperat
458 3254 594 3298 omnem
613 3232 836 3300 intellectum.
879 3238 1074 3301 Intellectus
1097 3251 1209 3300 tamen
1233 3258 1293 3322 per
1313 3259 1380 3300 me-

268 3321 443 3404 taphoram
465 3314 606 3391 dicitur,
639 3316 724 3381 ficut
745 3333 780 3382 et
800 3317 932 3384 animus
954 3341 972 3383 a
994 3335 1144 3383 creatura
1164 3319 1325 3384 videlicet
1346 3336 1380 3383 et

269 3403 312 3465 ad
339 3415 542 3474 creatorem,
577 3398 738 3487 quoniam
759 3401 864 3467 totius
886 3402 1079 3468 intellectus
1102 3418 1135 3468 et
1156 3401 1261 3466 animi
1282 3403 1380 3468 causa

267 3483 311 3547 stt
342 3498 376 3547 et
396 3483 575 3559 conditor;
611 3484 690 3548 Non
715 3505 794 3572 ergo
815 3507 876 3586 per
897 3501 1082 3551 creaturam
1102 3485 1198 3550 videt
1219 3486 1284 3550 five
1305 3507 1379 3552 cor·

268 3587 404 3664 porcam
418 3567 484 3650 fine
499 3565 743 3654 incorpoream,
765 3591 827 3656 qut
841 3570 969 3635 'nullius
983 3585 1153 3634 creaturae
1167 3568 1378 3634 instrumenti

268 3649 401 3747 indiget
430 3653 472 3714 ad
503 3671 541 3714 ea
562 3649 709 3715 videnda
753 3675 816 3717 uae
836 3653 911 3716 vult
932 3655 1052 3718 iacere.
1093 3659 1174 3718 Nou
1195 3658 1279 3732 enim
1299 3649 1374 3747 effe,
1481 3705 1482 3720 ,

266 3747 307 3796 ut
334 3749 382 3798 art
402 3733 590 3808 Maximus,
623 3673 771 3827 poffibiic
794 3735 861 3824 ast,
888 3735 982 3826 ficut
1002 3739 1147 3802 otendit
1167 3743 1271 3811 racio,
1307 3761 1376 3801 eum

210 3859 236 3894 ·.
265 3820 324 3963 aa·
354 3815 402 3904 0st
420 3813 527 3918 [uper
549 3839 605 3892 ca,
641 3841 725 3904 quas
736 3821 837 3913 stent,
865 3845 926 3904 per
947 3843 986 3884 ea
1005 3813 1197 3912 quaesunt,
1232 3841 1377 3910 eaquae

304 3915 344 3964 nt
377 3922 550 3988 accrpere,
582 3902 638 3966 led
659 3903 742 3968 ficut
763 3906 955 3970 voluntates
977 3903 1049 3970 suas
1070 3925 1274 3994 cognoscere
1298 3927 1377 3972 cum
1481 3943 1482 3948 κ

267 3983 429 4061 dicimus,
453 4007 491 4048 ea
513 3978 698 4072 quaesunt
711 3991 880 4054 addentes
902 3989 1004 4058 ctiam
1027 4009 1067 4052 ex
1085 3991 1182 4054 caula
1200 3987 1377 4054 ratiocina-

266 4067 410 4134 tionum.
454 4066 489 4134 Si
512 4067 603 4135 enim
624 4071 800 4166 voluntate
823 4073 936 4141 omnia
960 4070 1059 4162 fecit,
1084 4089 1118 4138 ct
1139 4073 1233 4140 nulla
1247 4089 1378 4140 coutra-
