3048 4856
536 275 644 350 Liber
668 276 823 382 Tertiae
1058 357 1062 368 ,
1152 277 1230 353 22⁷

112 463 190 528 cium
212 461 550 545 privatumne,
569 456 639 560 sed
648 459 832 558 [eumdum
852 464 1080 530 exceltentiam
1101 469 1137 529 ir
1157 487 1228 530 ver·
1287 451 1289 458 ’

112 549 156 614 bo
176 547 504 630 comprehendentur,
526 561 561 613 et
571 545 658 646 sunt
673 553 708 614 in
727 572 765 614 eo
781 561 816 614 et
834 570 899 614 non
913 541 1004 642 sunt.
1047 550 1135 614 Sunt
1157 551 1230 638 qui·

115 634 192 697 dem
215 649 303 718 quae
323 630 501 696 intellectu
523 633 580 697 seu
599 635 697 698 sensu
718 633 942 720 colliguntur,
963 654 1035 698 non
1053 634 1227 700 suntvero

114 735 202 802 quac
230 733 368 780 omnem
398 714 527 780 senium
551 731 585 780 et
604 716 817 782 intellectum
838 717 1005 802 superent.
1049 717 1152 802 Quod
1173 736 1229 782 au»

114 814 186 863 tem
217 796 332 862 omnia
362 796 399 861 in
431 802 535 864 verbo
558 801 624 866 Dei
646 815 680 866 et
701 815 836 866 aeterna
857 801 951 865 timul
975 817 1009 864 et
1030 801 1117 866 facta
1138 803 1227 877 sunt,

110 884 284 947 Iohannes
313 883 428 946 theolo
454 905 492 947 uo
513 883 672 949 hauriens
696 888 737 950 de
758 901 898 972 pectore
919 884 1102 969 sapientiae
1124 901 1227 952 aeter·

111 983 175 1030 nas
214 985 316 1029 auae
354 905 599 1053 intefiigentiae
639 987 677 1032 ac
707 969 873 1034 veridicae
907 969 1060 1041 testatur,
1097 968 1226 1048 dicent,

113 987 365 1201 {mnimm
387 1047 436 1141 est
458 1053 492 1114 in
513 1046 585 1144 ipso
606 1055 683 1116 vita
705 1067 788 1117 erat.
844 1051 922 1116 Sive
945 1052 1019 1140 quis
1041 1053 1227 1122 secundum

143 1155 215 1220 ugu
242 1133 338 1198 inum
368 1133 412 1198 stc
440 1129 629 1222 distinguat.
675 1139 772 1234 Quod
788 1133 929 1226 factum
956 1137 1004 1227 fi
1022 1138 1174 1202 localiter
1194 1151 1229 1204 et

109 1221 343 1301 temporaliter
362 1219 396 1279 r'n
417 1213 491 1305 ipfh
510 1223 587 1282 vita
609 1235 691 1287 arat.
734 1223 812 1286 Non
836 1220 928 1286 enirn
949 1224 1156 1287 credendum
1172 1223 1225 1299 est,

111 1319 173 1368 aut
202 1304 273 1367 ullo
300 1302 406 1363 ruodo
436 1301 674 1370 aestimandum
707 1307 749 1370 de
773 1303 979 1370 solertiffimo
1001 1305 1152 1374 veritatis
1175 1305 1227 1372 in·
1324 1355 1330 1372 .

109 1387 296 1534 qufiiiitoraz
323 1399 501 1531 prqqtqreq
522 1389 748 1536 Erangliuqq
771 1389 912 1454 notuisse
935 1389 1155 1536 distinlguere,
1187 1403 1233 1474 ut,
1265 1465 1269 1474 ,

106 1489 301 1625 iiiiii,
316 1488 389 1613 ‘iia
420 1487 1120 1634 attur,⁰tt¹ttt⁰tttt⁰tttzf’
1138 1493 1228 1621 en}

107 1638 205 1702 idern
233 1635 303 1724 ipsc
331 1633 463 1697 sanctur
485 1635 645 1704 videlicet
665 1639 867 1734 qugustinus
888 1639 1148 1704 manifestiffime
1171 1643 1228 1722 do·

108 1735 204 1793 ceat,
233 1733 267 1781 et
287 1719 361 1782 loca
384 1731 418 1780 et
438 1733 590 1861 temffira
612 1745 689 1788 cum
711 1725 764 1788 hia
786 1745 872 1810 quae
895 1723 932 1787 in
952 1723 1003 1786 eir
1026 1725 1113 1784 facta
1135 1724 1225 1794 sunt,

106 1802 149 1867 in
173 1802 273 1863 verbo
296 1797 361 1863 Dei
381 1815 496 1862 aarum
559 1807 798 1874 erenefacta.
843 1807 1041 1886 intelligens
1062 1801 1227 1866 veraciter

108 1883 307 1972 Apostolum
339 1877 510 1942 dicentem
539 1881 581 1942 de
603 1881 708 1960 verbo
729 1879 766 1943 in
788 1899 856 1965 quo
879 1897 988 1944 creata
1011 1882 1088 1943 funt
1111 1881 1228 1948 omnia

110 1989 199 2056 quae
226 1965 305 2028 iant
333 1962 369 2027 in
402 1959 523 2036 coelia,
556 1977 591 2026 et
622 1983 708 2108 qluae
735 1962 773 2026 in
803 1977 889 2026 terra
910 1963 976 2027 five
997 1963 1140 2029 visibilia
1161 1967 1227 2031 sive

108 2047 303 2118 invifibilia.
349 2047 396 2110 Ac
416 2065 477 2130 per
498 2047 565 2110 hoc
586 2061 620 2109 et
654 2065 714 2109 oca
737 2059 771 2108 et
792 2060 943 2130 tempora
966 2067 1044 2110 cum
1065 2048 1226 2113 omnibus
1300 2064 1309 2080 ⁸

110 2156 200 2224 quae
226 2131 263 2196 in
286 2129 335 2195 eia
358 2128 598 2203 continentur,
630 2127 667 2191 in
688 2147 832 2191 numero
853 2127 1035 2190 vifibitium
1057 2129 1153 2202 sunt,
1189 2131 1227 2196 id

110 2219 174 2295 est,
201 2212 417 2280 senfibilium.
462 2211 587 2284 Omnia
615 2227 729 2276 autem
758 2209 917 2285 risibilia,
952 2211 1031 2274 teste
1057 2211 1225 2297 Apostolo,

108 2303 148 2368 in
178 2302 282 2364 verbo
310 2297 389 2360 sunt
418 2310 547 2373 creata;
581 2295 656 2359 loca
685 2293 792 2382 igitur
820 2309 854 2358 et
882 2309 949 2358 tem
977 2315 1034 2358 ora
1057 2307 1092 2358 et
1112 2295 1228 2361 omnia

109 2403 198 2474 quac
228 2383 267 2446 in
298 2380 346 2446 eir
376 2379 454 2442 sunt
481 2377 517 2444 in
551 2382 656 2443 verbo
680 2395 790 2443 creata
812 2377 909 2442 sunta
946 2317 1011 2442 ive
1032 2377 1228 2464 simpliciter

105 2465 318 2558 praedictam
348 2461 577 2548 Evangelistae
604 2461 807 2527 sententiam
835 2462 1020 2527 secundum
1042 2461 1126 2527 alica
1152 2463 1228 2550 quia

105 2546 407 2642 pronuntiaverit,
437 2545 579 2610 dicensi
617 2548 707 2634 qrrod
725 2541 863 2636 fuctum
888 2544 937 2644 qli
957 2549 992 2610 in
1014 2543 1108 2641 ipso,
1143 2548 1228 2612 acli

108 2632 301 2704 distinxerit
326 2628 434 2694 veluti
466 2632 506 2694 ab
535 2628 601 2693 alio
635 2647 802 2695 commate
831 2629 1020 2716 incipiens,
1053 2629 1123 2694 rita
1146 2646 1227 2695 erat.

107 2720 169 2785 Sic
191 2715 282 2783 enim
304 2717 509 2779 Graecorum
531 2712 664 2778 codices
687 2713 881 2777 invenimus
904 2712 1102 2787 distinctor,
1115 2729 1156 2777 ut
1176 2713 1228 2778 in·

107 2803 302 2889 telligamur
324 2799 416 2886 quod
438 2797 565 2861 factum
587 2797 632 2860 est
652 2795 688 2860 in
711 2795 783 2882 ipso
806 2796 1037 2944 temqoraliter
1059 2806 1093 2860 et
1114 2797 1228 2861 locali·

108 2903 165 2951 ter
210 2905 244 2948 er
265 2879 539 2972 generationem,
561 2878 631 2943 vita
653 2895 724 2942 erat
745 2895 878 2944 aeterna
893 2880 957 2944 iter
976 2901 1038 2968 per
1048 2878 1227 2945 rationem.

106 2972 163 3035 M.
226 2987 269 3034 on
301 2987 381 3052 ergo
403 2962 538 3028 dubitat
561 2983 678 3028 omnes
701 2963 854 3028 omnium
877 2961 1009 3039 causas,
1042 2964 1228 3048 causarum-

108 3073 181 3142 que
201 3071 318 3116 omnes
341 3046 481 3112 effectur
503 3045 540 3110 in
562 3049 667 3112 verbo
689 3061 824 3112 aeterna
846 3047 927 3122 effe,
964 3061 998 3110 et
1019 3046 1129 3122 iacta,
1162 3067 1228 3112 nec

107 3157 168 3202 me
189 3135 285 3200 aliter
307 3135 427 3197 docere
451 3129 610 3195 aestimor.

174 3223 217 3282 D.
248 3221 300 3280 De
322 3213 521 3290 aeternitate
542 3211 696 3279 omnium
721 3213 831 3299 deque
856 3232 974 3276 eorum
996 3211 1169 3278 creatione
1189 3211 1227 3277 in

108 3305 238 3375 verbo,
270 3319 384 3386 neque
407 3296 544 3376 dubito,
583 3318 696 3384 neque
717 3295 813 3360 aliter
837 3311 871 3360 te
893 3300 1015 3361 docere
1035 3313 1139 3383 puto,
1171 3297 1228 3362 sed

109 3385 324 3452 solummodo
345 3401 489 3469 quaero,
512 3383 684 3527 quomodo
707 3379 822 3446 omnia
843 3380 880 3444 in
901 3383 1005 3446 verbo
1027 3380 1115 3467 patri
1135 3399 1229 3446 coae-

109 3485 210 3534 temo
232 3465 347 3531 omnia
368 3479 503 3530 aeterna
536 3480 602 3528 unt
623 3463 740 3538 fimul,
765 3479 799 3528 et
821 3464 918 3530 facta.
962 3465 1040 3529 Non
1063 3464 1167 3538 enim,
1189 3479 1230 3528 ut

109 3552 273 3626 arbitror,
305 3547 432 3614 rationi
462 3546 643 3626 convenit,
676 3561 716 3610 ut
745 3561 779 3610 et
807 3549 896 3613 facta
923 3547 1163 3622 fintaetema,
1195 3563 1229 3614 et

108 3651 248 3701 aeterna
268 3634 374 3708 iacta,
398 3633 491 3696 nulla
511 3629 674 3720 liquidem
697 3629 887 3696 differentia
907 3631 1080 3696 videbitur
1102 3631 1165 3696 effe
1177 3631 1231 3696 in·

108 3736 164 3785 ter
184 3715 417 3784 aeternitatem
438 3707 663 3780 univerlit'atia
685 3713 723 3779 in
743 3719 869 3792 verbo,
894 3728 928 3780 et
948 3715 1175 3800 creationem
1204 3715 1230 3780 fi

107 3801 292 3869 aeterniter
321 3801 365 3865 est
395 3815 525 3876 creata,
560 3815 595 3864 et
622 3797 748 3865 creatio
782 3815 927 3886 aeterna.
972 3801 1020 3866 M.
1054 3799 1162 3866 Miror
1191 3815 1231 3864 ac

68 3895 75 3903 '
106 3888 209 3952 valde
230 3903 390 3958 moveor,
413 3905 516 3972 quare
538 3883 669 3981 quaeris
690 3881 857 3948 rationem
879 3882 916 3948 in
937 3882 990 3948 hir
1011 3883 1135 3974 quibua
1161 3901 1231 3949 om·

107 3969 273 4036 nictatio
296 3967 430 4042 deficit,
466 3983 525 4034 aut
544 3969 759 4032 intellectum
778 3967 814 4032 in
837 3965 890 4032 hia
913 3987 999 4055 quae
1020 3985 1158 4033 omnam
1178 3969 1230 4031 su·
1301 3987 1306 3998 ·

106 4069 232 4142 perant
251 4053 474 4120 intellectum.
514 4052 607 4116 Num
629 4049 777 4116 aentmu
799 4049 937 4118 divinae
958 4051 1229 4200 sapientiaeqro·

107 4139 254 4226 pontum
273 4135 505 4202 intellectibus
527 4151 586 4234 qut
598 4134 768 4211 humanis,
791 4151 850 4234 aut
865 4134 1036 4226 Angelicia
1051 4133 1142 4236 potio
1180 4131 1228 4198 eri

106 4221 334 4300 manifestum,
353 4223 435 4287 dum
448 4219 584 4303 mystica
596 4219 653 4286 illa
667 4219 750 4308 legia
763 4219 921 4288 animalia
936 4219 997 4286 alit
1009 4220 1087 4296 iura,
1106 4233 1141 4285 et
1155 4217 1228 4284 rul-

752 4337 829 4406 15⁶
