2866 4822
266 183 350 322 aaa
594 235 1045 316 uemvutolentanme.

59 493 62 500 .
183 481 190 498 2
269 454 348 502 cum
367 431 497 496 mundo
519 382 693 504 transibit.
724 451 765 494 eo
787 430 889 494 modo
912 426 1109 494 tranaeundi
1131 430 1172 494 de
1194 446 1267 516 quo
1288 428 1388 526 plura

268 513 419 604 superius
442 512 667 580 tractavimua.
710 515 754 576 Et
777 513 881 599 qutinr
903 527 1027 578 cuncta
1048 509 1212 577 sensibilia
1232 527 1271 576 et
1289 514 1391 578 antel-

266 597 410 686 ligibilia
442 597 478 660 in
511 599 677 662 humanae
707 612 847 662 naturae
878 595 1093 682 plenitudine
1122 592 1263 662 condita
1296 595 1389 670 sunt,

266 703 351 748 num
372 677 496 745 rationi
515 677 649 753 restslit.
672 681 695 744 fi
717 695 827 744 totum
849 681 1015 751 mundum
1037 700 1115 742 cum
1135 677 1299 744 omnibua
1324 679 1390 742 suia

267 763 418 853 partibua
444 779 595 849 tempore
617 761 836 827 restitutionis
857 763 958 848 ipfiua
980 778 1119 826 naturae
1140 761 1175 826 in
1200 785 1270 847 qua
1295 778 1391 826 totua

267 847 479 922 continetur,
518 845 664 944 generali
697 849 840 992 quadam
871 843 1123 910 resurrectionia
1145 843 1258 943 specie
1282 847 1391 910 resur-

266 947 438 998 recturum
470 931 691 994 deliberentur
755 928 951 992 Praesertim
973 950 1050 994 curu
1073 949 1226 993 omnium
1252 929 1389 992 sensibi-

267 1015 374 1088 liu'm,
413 1015 492 1076 dum
522 1011 558 1096 ip
588 1011 621 1076 se
651 1012 721 1099 ipsa
742 1012 967 1078 consideratur
988 1027 1127 1086 natura,
1161 1031 1230 1076 una
1254 1015 1390 1077 eadem-

267 1119 333 1186 que
360 1093 580 1182 perspicitur,
621 1109 656 1160 ct
683 1095 719 1160 in
751 1097 818 1160 boc
845 1097 974 1160 mundo
1004 1116 1075 1160 non
1108 1095 1389 1181 magnitudinem

267 1200 447 1268 corporeae
469 1176 591 1251 mulia.
616 1179 672 1242 sed
692 1177 956 1264 incorporalium
979 1177 1231 1242 substantiarum
1259 1181 1390 1244 aduno

266 1265 398 1329 tionem
427 1263 551 1348 abeque
583 1259 677 1326 omni
707 1263 844 1326 cumulo
875 1276 909 1325 et
939 1260 1087 1347 partium
1123 1263 1390 1348 exaggeratione

266 1349 323 1412 vel
345 1343 587 1431 compofitione
607 1365 687 1409 vera
710 1345 896 1410 confideret
915 1343 1013 1410 ratio.
1059 1344 1155 1410 Sicut
1176 1344 1212 1408 in
1235 1349 1389 1410 monade

268 1429 359 1496 etin
382 1444 498 1493 centro
520 1448 591 1492 non
614 1427 837 1515 quantitatem
859 1428 914 1491 rel
945 1426 1140 1514 qualitatem
1160 1449 1390 1494 numerorum

268 1529 303 1579 et
324 1512 507 1586 linearum,
530 1511 586 1574 sed
608 1511 709 1576 solam
732 1509 892 1575 virtutem
915 1533 1000 1596 quae
1023 1511 1115 1576 nulla
1136 1511 1249 1588 mole,
1288 1513 1388 1576 nullo

267 1597 285 1662 s
307 1595 394 1672 atio,
418 1595 511 1658 nulla
533 1593 721 1691 quantitate
742 1609 776 1657 et
797 1593 958 1680 qualitate
986 1593 1293 1667 circumscribitur,
1318 1619 1389 1682 per

271 1621 304 1744 i)
309 1677 381 1744 icit.
426 1678 592 1740 Est'entm
614 1691 684 1742 tota
706 1699 767 1762 per
788 1691 898 1741 totum
920 1675 957 1740 in
979 1676 1083 1776 seipsa
1104 1678 1201 1742 nullo
1220 1679 1305 1743 loco
1324 1700 1388 1744 am·

266 1765 360 1836 hta,
385 1761 480 1826 nullo
504 1773 654 1844 tempore
675 1774 778 1824 mota.
811 1759 959 1824 Proinde
979 1761 1001 1825 fi
1024 1783 1060 1825 tn
1079 1760 1299 1826 universitate
1319 1763 1388 1826 sen·

267 1843 411 1910 sibilium
439 1845 586 1906 bumana
615 1841 787 1928 praecellit
815 1858 952 1919 natura,
985 1859 1020 1908 et
1053 1841 1222 1930 superiora
1255 1844 1388 1932 semper

267 1927 429 1992 inferiora
451 1927 493 1990 ad
513 1924 546 1988 se
567 1929 760 2002 attrahunt;
797 1947 867 1991 non
892 1926 982 1992 enim
1005 1927 1090 1992 ratio
1113 1926 1190 1992 srnit
1211 1927 1387 2014 superiora

181 2018 185 2027 '
267 2013 308 2076 ab
346 2007 563 2077 inferioribus
597 2007 770 2084 consumi,
809 2007 970 2074 inferiora
1003 2026 1114 2074 autem
1143 2009 1191 2085 in,
1211 2011 1387 2097 superiora

268 2093 409 2160 transire
430 2089 615 2157 certiffimia
636 2091 938 2180 approbationibus
959 2095 1145 2191 approbata
1167 2115 1252 2158 num
1276 2097 1386 2160 veriti-

266 2176 348 2244 mile
378 2177 422 2242 esl
449 2178 630 2240 humanam
660 2191 815 2240 naturam
846 2191 969 2242 cuncta
1005 2192 1095 2242 rntra
1124 2177 1157 2240 se
1185 2191 1219 2240 et
1241 2175 1339 2244 iufra
1358 2175 1386 2241 se

268 2261 406 2328 condita
435 2257 565 2322 sabimet
596 2259 827 2344 copulaturam
863 2275 898 2322 et
920 2263 1140 2324 adunaturam
1162 2257 1198 2326 in
1220 2259 1296 2326 fine
1321 2283 1386 2327 oue

267 2345 364 2410 nium
388 2339 596 2408 existimare?
617 2344 670 2406 De
694 2339 858 2428 spirituali
882 2358 993 2406 autem
1016 2344 1242 2408 bumanorum
1266 2365 1385 2432 corpo

267 2444 344 2492 rum
377 2423 449 2512 post
480 2423 757 2488 resurrectionem
790 2411 974 2488 subtilitate
999 2427 1161 2523 'ejuadem
1196 2427 1386 2515 Epiphauii

267 2506 467 2574 sententiam
489 2527 559 2570 non
605 2509 859 2572 raetereundam
882 2509 944 2572 elle
966 2510 1117 2574 arbitror.
1145 2511 1230 2588 Nam
1249 2514 1295 2576 de
1318 2533 1385 2578 cor·

267 2613 350 2679 pore
378 2587 498 2656 Cbrilli
529 2529 603 2674 poi
628 2587 906 2656 resurrectionem
936 2590 973 2656 in
1026 2613 1072 2656 uo
1107 2591 1384 2678 persectiffimum

267 2673 373 2740 totius
403 2676 571 2738 humanae
601 2671 852 2738 resurrectionia
874 2695 973 2760 praec
1032 2677 1281 2762 texemplum,
1324 2678 1384 2743 dia

266 2773 410 2860 putant,
440 2759 525 2820 baec
553 2751 618 2820 aitt
651 2755 817 2829 „Intravit
837 2755 947 2836 janula
969 2757 1103 2834 claustat
1135 2761 1269 2826 carntle
1291 2763 1384 2826 enim

266 2863 279 2906 r
307 2841 368 2906 saut
390 2845 511 2925 dorpua
533 2837 704 2924 spirituale
725 2838 923 2904 resurrexita
945 2861 1015 2906 non
1037 2841 1128 2906 aliud
1148 2847 1384 2932 praeterquod

284 2939 399 2998 uerat;
420 2923 485 2996 ,sed
515 2919 602 2986 illud
632 2921 741 3008 ipsum
762 2921 1038 2990 insubtilitatem
1061 2923 1195 3010 spiritua
1217 2941 1386 2994 transmu-

266 3023 387 3074 tatum.
430 3007 476 3070 Ut
506 3021 618 3070 autem
648 3027 765 3070 omnea
796 3003 988 3074 incredulos
1009 3009 1240 3095 redargueret.
1272 3013 1384 3074 claro

253 3088 343 3156 'rum
379 3087 514 3176 vestigia
545 3087 738 3154 monstravit
767 3103 802 3152 et
834 3089 986 3166 lanceae,
1027 3093 1178 3178 adeoque
1207 3091 1384 3160 cicauicea

166 3227 168 3232 .
268 3173 355 3260 ipsae
381 3171 519 3259 reliquit
549 3171 584 3236 in
617 3193 775 3258 corpore.
812 3173 964 3318 quamvis
993 3173 1078 3239 illud
1107 3170 1318 3262 spiritualem
1348 3177 1382 3241 iu

268 3258 435 3322 unitatem
457 3254 635 3322 conflasset.
680 3257 815 3340 Quomo
840 3277 860 3318 ο
882 3254 987 3342 igitur
1008 3257 1123 3322 clausae
1143 3257 1254 3337 januia
1277 3259 1380 3326 iutra·

267 3339 336 3416 vit,
367 3337 429 3404 nist
455 3351 495 3400 ut
526 3337 710 3400 ollenderet
740 3335 981 3404 craffimembre
1004 3339 1319 3422 subtili-membre,
1352 3361 1384 3408 et

267 3424 409 3487 mortale
430 3419 639 3497 immortale,
663 3435 697 3482 et
717 3421 937 3519 corruptibile
959 3422 1248 3510 incorruptibiles
1270 3431 1386 3492 Intue-

265 3527 305 3572 re
327 3519 491 3592 quantum
511 3499 750 3568 incunctanter
771 3503 995 3590 spiritualium
1018 3527 1058 3572 co
1101 3529 1196 3588 orum
1218 3509 1384 3576 resurrec-

269 3586 398 3653 tionem
439 3601 472 3650 et
500 3583 535 3650 in
569 3585 787 3652 subtilitatem
820 3585 1063 3674 incomprehen
1091 3589 1192 3656 bilem
1220 3593 1385 3668 reditum.

145 3669 148 3678 '
221 3715 225 3726 ·
269 3669 363 3736 omni
386 3669 540 3741 tarditate
563 3685 597 3732 et
643 3669 780 3736 ualitate
803 3685 953 3739 terrenae
973 3673 1073 3740 mosia
1096 3674 1271 3760 totiusque
1298 3699 1384 3764 pon·

270 3751 357 3819 deria
379 3751 547 3838 corporcis
569 3691 713 3818 lenimur
734 3753 983 3846 succumbentia
1012 3757 1245 3846 localibusque
1267 3759 1386 3858 spatiia

243 3833 512 3922 ,circumscripti
542 3837 582 3900 ab
617 3833 735 3922 spiritu
764 3839 917 3924 absorpta
954 3839 1177 3925 pronunciat,
1212 3842 1387 3928 puraffime

128 4003 130 4015 Ι
161 3927 166 3946 “
269 3918 464 4006 intelligent
485 3917 677 4005 Apostolum
700 3919 889 3996 dicentem,
909 3917 1100 4012 seminatur
1119 3945 1239 4006 eorpus
1258 3931 1386 3992 animo·

267 4005 316 4082 le,
336 3997 458 4095 surget
489 4023 606 4084 corpus
624 3995 816 4094 spirituale.
859 4005 903 4068 D.
932 4009 1088 4082 intueor,
1119 4023 1155 4072 et
1175 4007 1292 4096 magni
1318 4009 1385 4074 viri

269 4085 505 4152 auctoritatem
526 4085 719 4171 amplector.
771 4091 825 4152 De
846 4087 863 4152 s
884 4085 1081 4154 ititualitate
1101 4089 1265 4177 fiquidem
1291 4109 1329 4158 et
1346 4093 1385 4158 it-

201 4215 208 4224 ·
267 4169 434 4238 localitate
458 4167 613 4236 omnium
633 4169 834 4258 generaliter
859 4111 1087 4242 bumanorum
1111 4195 1293 4300 corporum
1317 4176 1386 4262 post
