<?xml version="1.0" encoding="UTF-8"?>
<!DOCTYPE html PUBLIC "-//W3C//DTD XHTML 1.0 Transitional//EN"
    "http://www.w3.org/TR/xhtml1/DTD/xhtml1-transitional.dtd">
<html xmlns="http://www.w3.org/1999/xhtml" xml:lang="en" lang="en">
 <head>
  <title>
</title>
<meta http-equiv="Content-Type" content="text/html;charset=utf-8" />
  <meta name='ocr-system' content='tesseract 3.04.00' />
  <meta name='ocr-capabilities' content='ocr_page ocr_carea ocr_par ocr_line ocrx_word'/>
</head>
<body>
  <div class='ocr_page' id='page_1' title='image "./dedivisionenatu00eriggoog_0411.png"; bbox 0 0 3036 4862; ppageno 0'>
   <div class='ocr_carea' id='block_1_1' title="bbox 277 227 1102 363">
    <p class='ocr_par' dir='ltr' id='par_1_1' title="bbox 277 227 1102 363">
     <span class='ocr_line' id='line_1_1' title="bbox 277 227 1102 363; baseline -0.002 -41"><span class='ocrx_word' id='word_1_1' title='bbox 277 227 281 235; x_wconf 32' lang='lat'><em>⁶</em></span> <span class='ocrx_word' id='word_1_2' title='bbox 310 249 392 322; x_wconf 71' lang='lat' dir='ltr'><strong>au</strong></span> <span class='ocrx_word' id='word_1_3' title='bbox 640 251 694 319; x_wconf 77' lang='lat' dir='ltr'><strong>tre</strong></span> <span class='ocrx_word' id='word_1_4' title='bbox 715 251 897 363; x_wconf 76' lang='lat' dir='ltr'><strong>Diuisione</strong></span> <span class='ocrx_word' id='word_1_5' title='bbox 918 249 1102 320; x_wconf 68' lang='lat' dir='ltr'><strong>Naturae</strong></span> 
     </span>
    </p>
   </div>
   <div class='ocr_carea' id='block_1_2' title="bbox 311 431 1433 522">
    <p class='ocr_par' dir='ltr' id='par_1_2' title="bbox 311 431 1433 522">
     <span class='ocr_line' id='line_1_2' title="bbox 311 431 1433 522; baseline 0 -22"><span class='ocrx_word' id='word_1_6' title='bbox 311 433 419 500; x_wconf 84' lang='lat' dir='ltr'><strong>virtus</strong></span> <span class='ocrx_word' id='word_1_7' title='bbox 440 432 478 500; x_wconf 90' lang='lat' dir='ltr'><strong>in</strong></span> <span class='ocrx_word' id='word_1_8' title='bbox 498 455 642 522; x_wconf 86' lang='lat' dir='ltr'><strong>corpore</strong></span> <span class='ocrx_word' id='word_1_9' title='bbox 661 440 734 516; x_wconf 85' lang='lat' dir='ltr'><strong>ejus</strong></span> <span class='ocrx_word' id='word_1_10' title='bbox 755 433 963 522; x_wconf 85' lang='lat' dir='ltr'><strong>praevaluit,</strong></span> <span class='ocrx_word' id='word_1_11' title='bbox 1001 456 1046 500; x_wconf 90' lang='lat' dir='ltr'><strong>ne</strong></span> <span class='ocrx_word' id='word_1_12' title='bbox 1066 431 1169 500; x_wconf 86' lang='lat' dir='ltr'><strong>etiam</strong></span> <span class='ocrx_word' id='word_1_13' title='bbox 1189 435 1368 520; x_wconf 82' lang='lat' dir='ltr'><strong>peccando</strong></span> <span class='ocrx_word' id='word_1_14' title='bbox 1390 433 1433 500; x_wconf 84' lang='lat' dir='ltr'><strong>in</strong></span> 
     </span>
    </p>
   </div>
   <div class='ocr_carea' id='block_1_3' title="bbox 154 515 1436 616">
    <p class='ocr_par' dir='ltr' id='par_1_3' title="bbox 154 515 1436 616">
     <span class='ocr_line' id='line_1_3' title="bbox 154 515 1436 616; baseline -0.002 -32"><span class='ocrx_word' id='word_1_15' title='bbox 154 559 157 574; x_wconf 89' lang='lat'><em>·</em></span> <span class='ocrx_word' id='word_1_16' title='bbox 207 519 210 522; x_wconf 78' lang='grc'><strong>’</strong></span> <span class='ocrx_word' id='word_1_17' title='bbox 312 517 566 616; x_wconf 76' lang='lat' dir='ltr'><strong>corruptionem</strong></span> <span class='ocrx_word' id='word_1_18' title='bbox 587 519 744 584; x_wconf 71' lang='lat' dir='ltr'><strong>caderet?</strong></span> <span class='ocrx_word' id='word_1_19' title='bbox 768 519 915 606; x_wconf 85' lang='lat' dir='ltr'><strong>Lignum</strong></span> <span class='ocrx_word' id='word_1_20' title='bbox 933 517 1096 604; x_wconf 83' lang='lat' dir='ltr'><strong>liquidem</strong></span> <span class='ocrx_word' id='word_1_21' title='bbox 1109 515 1201 582; x_wconf 85' lang='lat' dir='ltr'><strong>vitae</strong></span> <span class='ocrx_word' id='word_1_22' title='bbox 1220 537 1294 582; x_wconf 87' lang='lat' dir='ltr'><strong>esca</strong></span> <span class='ocrx_word' id='word_1_23' title='bbox 1313 517 1337 582; x_wconf 87' lang='lat' dir='ltr'><strong>st</strong></span> <span class='ocrx_word' id='word_1_24' title='bbox 1355 538 1436 584; x_wconf 88' lang='lat' dir='ltr'><strong>cor·</strong></span> 
     </span>
    </p>
   </div>
   <div class='ocr_carea' id='block_1_4' title="bbox 220 599 1436 1352">
    <p class='ocr_par' dir='ltr' id='par_1_4' title="bbox 220 599 1436 1352">
     <span class='ocr_line' id='line_1_4' title="bbox 220 599 1435 688; baseline 0.003 -26"><span class='ocrx_word' id='word_1_25' title='bbox 220 641 238 662; x_wconf 51' lang='lat' dir='ltr'><strong>e</strong></span> <span class='ocrx_word' id='word_1_26' title='bbox 312 623 389 688; x_wconf 83' lang='lat' dir='ltr'><strong>poet</strong></span> <span class='ocrx_word' id='word_1_27' title='bbox 419 602 520 688; x_wconf 80' lang='lat' dir='ltr'><strong>rpfiua</strong></span> <span class='ocrx_word' id='word_1_28' title='bbox 547 623 619 668; x_wconf 92' lang='lat' dir='ltr'><strong>uno</strong></span> <span class='ocrx_word' id='word_1_29' title='bbox 640 605 694 668; x_wconf 86' lang='lat' dir='ltr'><strong>vel</strong></span> <span class='ocrx_word' id='word_1_30' title='bbox 718 605 849 668; x_wconf 89' lang='lat' dir='ltr'><strong>duobus</strong></span> <span class='ocrx_word' id='word_1_31' title='bbox 871 603 925 666; x_wconf 88' lang='lat' dir='ltr'><strong>vel</strong></span> <span class='ocrx_word' id='word_1_32' title='bbox 946 600 1114 688; x_wconf 82' lang='lat' dir='ltr'><strong>quotlibet</strong></span> <span class='ocrx_word' id='word_1_33' title='bbox 1136 599 1254 666; x_wconf 87' lang='lat' dir='ltr'><strong>diebus</strong></span> <span class='ocrx_word' id='word_1_34' title='bbox 1274 603 1321 666; x_wconf 84' lang='lat' dir='ltr'><strong>ad</strong></span> <span class='ocrx_word' id='word_1_35' title='bbox 1339 599 1435 666; x_wconf 87' lang='lat' dir='ltr'><strong>saui-</strong></span> 
     </span>
     <span class='ocr_line' id='line_1_5' title="bbox 313 683 1435 772; baseline 0 -22"><span class='ocrx_word' id='word_1_36' title='bbox 313 701 418 752; x_wconf 82' lang='lat' dir='ltr'><strong>ratem</strong></span> <span class='ocrx_word' id='word_1_37' title='bbox 439 701 473 750; x_wconf 87' lang='lat' dir='ltr'><strong>et</strong></span> <span class='ocrx_word' id='word_1_38' title='bbox 494 685 848 772; x_wconf 76' lang='lat' dir='ltr'><strong>incorruptibilitatem</strong></span> <span class='ocrx_word' id='word_1_39' title='bbox 870 683 1019 772; x_wconf 81' lang='lat' dir='ltr'><strong>profuit,</strong></span> <span class='ocrx_word' id='word_1_40' title='bbox 1041 705 1112 750; x_wconf 93' lang='lat' dir='ltr'><strong>non</strong></span> <span class='ocrx_word' id='word_1_41' title='bbox 1128 685 1273 749; x_wconf 87' lang='lat' dir='ltr'><strong>habebat</strong></span> <span class='ocrx_word' id='word_1_42' title='bbox 1290 697 1435 750; x_wconf 84' lang='lat' dir='ltr'><strong>tantum</strong></span> 
     </span>
     <span class='ocr_line' id='line_1_6' title="bbox 312 766 1432 868; baseline -0.002 -34"><span class='ocrx_word' id='word_1_43' title='bbox 312 767 451 834; x_wconf 86' lang='lat' dir='ltr'><strong>virtutis</strong></span> <span class='ocrx_word' id='word_1_44' title='bbox 474 784 637 868; x_wconf 87' lang='lat' dir='ltr'><strong>quantum</strong></span> <span class='ocrx_word' id='word_1_45' title='bbox 662 785 695 834; x_wconf 92' lang='lat' dir='ltr'><strong>et</strong></span> <span class='ocrx_word' id='word_1_46' title='bbox 716 769 840 856; x_wconf 83' lang='lat' dir='ltr'><strong>legitur</strong></span> <span class='ocrx_word' id='word_1_47' title='bbox 859 785 893 834; x_wconf 91' lang='lat' dir='ltr'><strong>et</strong></span> <span class='ocrx_word' id='word_1_48' title='bbox 913 767 1061 834; x_wconf 88' lang='lat' dir='ltr'><strong>creditur</strong></span> <span class='ocrx_word' id='word_1_49' title='bbox 1083 766 1241 834; x_wconf 83' lang='lat' dir='ltr'><strong>habuisse.</strong></span> <span class='ocrx_word' id='word_1_50' title='bbox 1275 770 1344 832; x_wconf 81' lang='lat' dir='ltr'><strong>Aut</strong></span> <span class='ocrx_word' id='word_1_51' title='bbox 1358 789 1432 854; x_wconf 79' lang='lat' dir='ltr'><strong>qua</strong></span> 
     </span>
     <span class='ocr_line' id='line_1_7' title="bbox 312 851 1436 940; baseline -0.004 -24"><span class='ocrx_word' id='word_1_52' title='bbox 312 851 445 916; x_wconf 88' lang='lat' dir='ltr'><strong>ratione</strong></span> <span class='ocrx_word' id='word_1_53' title='bbox 460 881 463 888; x_wconf 60' lang='lat'><strong><em>¹</em></strong></span> <span class='ocrx_word' id='word_1_54' title='bbox 476 855 607 937; x_wconf 80' lang='lat' dir='ltr'><strong>lignum</strong></span> <span class='ocrx_word' id='word_1_55' title='bbox 637 852 728 916; x_wconf 84' lang='lat' dir='ltr'><strong>vitae</strong></span> <span class='ocrx_word' id='word_1_56' title='bbox 744 853 925 924; x_wconf 75' lang='lat' dir='ltr'><strong>‚diceretur</strong></span> <span class='ocrx_word' id='word_1_57' title='bbox 945 854 1038 940; x_wconf 88' lang='lat' dir='ltr'><strong>quod</strong></span> <span class='ocrx_word' id='word_1_58' title='bbox 1058 851 1268 916; x_wconf 86' lang='lat' dir='ltr'><strong>solummodo</strong></span> <span class='ocrx_word' id='word_1_59' title='bbox 1290 871 1436 936; x_wconf 87' lang='lat' dir='ltr'><strong>corrup·</strong></span> 
     </span>
     <span class='ocr_line' id='line_1_8' title="bbox 312 931 1431 1023; baseline 0 -25"><span class='ocrx_word' id='word_1_60' title='bbox 312 935 442 1002; x_wconf 88' lang='lat' dir='ltr'><strong>tionem</strong></span> <span class='ocrx_word' id='word_1_61' title='bbox 463 936 578 1022; x_wconf 89' lang='lat' dir='ltr'><strong>potuit</strong></span> <span class='ocrx_word' id='word_1_62' title='bbox 598 939 790 1013; x_wconf 86' lang='lat' dir='ltr'><strong>retardare,-</strong></span> <span class='ocrx_word' id='word_1_63' title='bbox 804 959 874 1002; x_wconf 92' lang='lat' dir='ltr'><strong>non</strong></span> <span class='ocrx_word' id='word_1_64' title='bbox 897 952 1010 1000; x_wconf 87' lang='lat' dir='ltr'><strong>autem</strong></span> <span class='ocrx_word' id='word_1_65' title='bbox 1030 933 1145 1023; x_wconf 90' lang='lat' dir='ltr'><strong>potuit</strong></span> <span class='ocrx_word' id='word_1_66' title='bbox 1166 955 1184 998; x_wconf 89' lang='lat' dir='ltr'><strong>a</strong></span> <span class='ocrx_word' id='word_1_67' title='bbox 1205 931 1431 1020; x_wconf 84' lang='lat' dir='ltr'><strong>corruptione</strong></span> 
     </span>
     <span class='ocr_line' id='line_1_9' title="bbox 311 1017 1433 1108; baseline 0.001 -28"><span class='ocrx_word' id='word_1_68' title='bbox 311 1018 450 1104; x_wconf 81' lang='lat' dir='ltr'><strong>penitus</strong></span> <span class='ocrx_word' id='word_1_69' title='bbox 478 1019 637 1093; x_wconf 84' lang='lat' dir='ltr'><strong>liberare,</strong></span> <span class='ocrx_word' id='word_1_70' title='bbox 670 1019 932 1108; x_wconf 83' lang='lat' dir='ltr'><strong>diuturnamque</strong></span> <span class='ocrx_word' id='word_1_71' title='bbox 960 1017 1065 1082; x_wconf 82' lang='lat' dir='ltr'><strong>vitam</strong></span> <span class='ocrx_word' id='word_1_72' title='bbox 1089 1018 1267 1082; x_wconf 87' lang='lat' dir='ltr'><strong>edentibus</strong></span> <span class='ocrx_word' id='word_1_73' title='bbox 1287 1017 1433 1104; x_wconf 84' lang='lat' dir='ltr'><strong>praesia·</strong></span> 
     </span>
     <span class='ocr_line' id='line_1_10' title="bbox 312 1101 1432 1191; baseline 0 -27"><span class='ocrx_word' id='word_1_74' title='bbox 312 1101 373 1164; x_wconf 82' lang='lat' dir='ltr'><strong>res</strong></span> <span class='ocrx_word' id='word_1_75' title='bbox 405 1101 440 1166; x_wconf 86' lang='lat' dir='ltr'><strong>si</strong></span> <span class='ocrx_word' id='word_1_76' title='bbox 465 1103 556 1168; x_wconf 91' lang='lat' dir='ltr'><strong>enim</strong></span> <span class='ocrx_word' id='word_1_77' title='bbox 579 1101 671 1168; x_wconf 91' lang='lat' dir='ltr'><strong>illius</strong></span> <span class='ocrx_word' id='word_1_78' title='bbox 692 1103 779 1191; x_wconf 82' lang='lat' dir='ltr'><strong>ligni</strong></span> <span class='ocrx_word' id='word_1_79' title='bbox 802 1120 920 1168; x_wconf 88' lang='lat' dir='ltr'><strong>natura</strong></span> <span class='ocrx_word' id='word_1_80' title='bbox 943 1101 1037 1168; x_wconf 90' lang='lat' dir='ltr'><strong>omni</strong></span> <span class='ocrx_word' id='word_1_81' title='bbox 1059 1104 1177 1166; x_wconf 90' lang='lat' dir='ltr'><strong>morbo</strong></span> <span class='ocrx_word' id='word_1_82' title='bbox 1201 1115 1271 1166; x_wconf 87' lang='lat' dir='ltr'><strong>erat</strong></span> <span class='ocrx_word' id='word_1_83' title='bbox 1293 1115 1432 1165; x_wconf 84' lang='lat' dir='ltr'><strong>contra·</strong></span> 
     </span>
     <span class='ocr_line' id='line_1_11' title="bbox 312 1183 1430 1284; baseline 0 -36"><span class='ocrx_word' id='word_1_84' title='bbox 312 1183 390 1258; x_wconf 53' lang='lat' dir='ltr'><strong>rias</strong></span> <span class='ocrx_word' id='word_1_85' title='bbox 412 1201 451 1252; x_wconf 84' lang='lat' dir='ltr'><strong>ut</strong></span> <span class='ocrx_word' id='word_1_86' title='bbox 478 1183 635 1252; x_wconf 83' lang='lat' dir='ltr'><strong>omnibus</strong></span> <span class='ocrx_word' id='word_1_87' title='bbox 670 1210 706 1251; x_wconf 87' lang='lat' dir='ltr'><strong>ea</strong></span> <span class='ocrx_word' id='word_1_88' title='bbox 739 1185 930 1252; x_wconf 75' lang='lat' dir='ltr'><strong>fruentibus</strong></span> <span class='ocrx_word' id='word_1_89' title='bbox 949 1187 1127 1284; x_wconf 81' lang='lat' dir='ltr'><strong>praestaret</strong></span> <span class='ocrx_word' id='word_1_90' title='bbox 1147 1183 1269 1280; x_wconf 74' lang='lat' dir='ltr'><strong>vitam:</strong></span> <span class='ocrx_word' id='word_1_91' title='bbox 1304 1183 1430 1248; x_wconf 88' lang='lat' dir='ltr'><strong>curin</strong></span> 
     </span>
     <span class='ocr_line' id='line_1_12' title="bbox 312 1267 1431 1352; baseline 0.003 -23"><span class='ocrx_word' id='word_1_92' title='bbox 312 1267 520 1352; x_wconf 85' lang='lat' dir='ltr'><strong>gustantibus</strong></span> <span class='ocrx_word' id='word_1_93' title='bbox 551 1271 606 1334; x_wconf 81' lang='lat' dir='ltr'><strong>vel</strong></span> <span class='ocrx_word' id='word_1_94' title='bbox 634 1271 735 1338; x_wconf 89' lang='lat' dir='ltr'><strong>etiam</strong></span> <span class='ocrx_word' id='word_1_95' title='bbox 766 1273 1022 1336; x_wconf 70' lang='lat' dir='ltr'><strong>comedentibus</strong></span> <span class='ocrx_word' id='word_1_96' title='bbox 1054 1289 1125 1334; x_wconf 88' lang='lat' dir='ltr'><strong>non</strong></span> <span class='ocrx_word' id='word_1_97' title='bbox 1155 1282 1309 1332; x_wconf 81' lang='lat' dir='ltr'><strong>maceret</strong></span> <span class='ocrx_word' id='word_1_98' title='bbox 1337 1288 1431 1332; x_wconf 89' lang='lat' dir='ltr'><strong>mor·</strong></span> 
     </span>
    </p>
   </div>
   <div class='ocr_carea' id='block_1_5' title="bbox 180 1349 1430 1442">
    <p class='ocr_par' dir='ltr' id='par_1_5' title="bbox 180 1349 1430 1442">
     <span class='ocr_line' id='line_1_13' title="bbox 180 1349 1430 1442; baseline 0 -28"><span class='ocrx_word' id='word_1_99' title='bbox 180 1435 183 1442; x_wconf 25' lang='lat'><strong>¹</strong></span> <span class='ocrx_word' id='word_1_100' title='bbox 254 1405 259 1421; x_wconf 80' lang='grc'><strong>,</strong></span> <span class='ocrx_word' id='word_1_101' title='bbox 314 1351 408 1414; x_wconf 78' lang='lat' dir='ltr'><strong>tem?</strong></span> <span class='ocrx_word' id='word_1_102' title='bbox 439 1355 620 1418; x_wconf 85' lang='lat' dir='ltr'><strong>Peccatum</strong></span> <span class='ocrx_word' id='word_1_103' title='bbox 644 1355 734 1420; x_wconf 87' lang='lat' dir='ltr'><strong>dices</strong></span> <span class='ocrx_word' id='word_1_104' title='bbox 753 1353 915 1418; x_wconf 86' lang='lat' dir='ltr'><strong>virtutem</strong></span> <span class='ocrx_word' id='word_1_105' title='bbox 937 1352 1037 1439; x_wconf 84' lang='lat' dir='ltr'><strong>ipsius</strong></span> <span class='ocrx_word' id='word_1_106' title='bbox 1061 1349 1206 1425; x_wconf 84' lang='lat' dir='ltr'><strong>vicerat,</strong></span> <span class='ocrx_word' id='word_1_107' title='bbox 1227 1371 1272 1414; x_wconf 90' lang='lat' dir='ltr'><strong>ne</strong></span> <span class='ocrx_word' id='word_1_108' title='bbox 1293 1349 1331 1416; x_wconf 85' lang='lat' dir='ltr'><strong>in</strong></span> <span class='ocrx_word' id='word_1_109' title='bbox 1355 1365 1430 1414; x_wconf 90' lang='lat' dir='ltr'><strong>tan·</strong></span> 
     </span>
    </p>
   </div>
   <div class='ocr_carea' id='block_1_6' title="bbox 306 1432 1487 2906">
    <p class='ocr_par' dir='ltr' id='par_1_6' title="bbox 306 1432 1487 2906">
     <span class='ocr_line' id='line_1_14' title="bbox 313 1432 1432 1524; baseline 0.004 -28"><span class='ocrx_word' id='word_1_110' title='bbox 313 1449 387 1498; x_wconf 91' lang='lat' dir='ltr'><strong>tum</strong></span> <span class='ocrx_word' id='word_1_111' title='bbox 414 1435 603 1524; x_wconf 76' lang='lat' dir='ltr'><strong>prodelsets</strong></span> <span class='ocrx_word' id='word_1_112' title='bbox 639 1436 789 1504; x_wconf 84' lang='lat' dir='ltr'><strong>Validius</strong></span> <span class='ocrx_word' id='word_1_113' title='bbox 812 1459 890 1521; x_wconf 85' lang='lat' dir='ltr'><strong>ergo</strong></span> <span class='ocrx_word' id='word_1_114' title='bbox 912 1434 1043 1522; x_wconf 88' lang='lat' dir='ltr'><strong>peccati</strong></span> <span class='ocrx_word' id='word_1_115' title='bbox 1063 1435 1311 1518; x_wconf 77' lang='lat' dir='ltr'><strong>malumquam</strong></span> <span class='ocrx_word' id='word_1_116' title='bbox 1335 1432 1432 1500; x_wconf 85' lang='lat' dir='ltr'><strong>vitae</strong></span> 
     </span>
     <span class='ocr_line' id='line_1_15' title="bbox 310 1515 1432 1664; baseline -0.003 -82"><span class='ocrx_word' id='word_1_117' title='bbox 310 1519 469 1584; x_wconf 77' lang='lat' dir='ltr'><strong>bonum·</strong></span> <span class='ocrx_word' id='word_1_118' title='bbox 495 1519 614 1586; x_wconf 87' lang='lat' dir='ltr'><strong>Potius</strong></span> <span class='ocrx_word' id='word_1_119' title='bbox 645 1521 759 1608; x_wconf 90' lang='lat' dir='ltr'><strong>itaque</strong></span> <span class='ocrx_word' id='word_1_120' title='bbox 793 1519 967 1584; x_wconf 87' lang='lat' dir='ltr'><strong>videamus</strong></span> <span class='ocrx_word' id='word_1_121' title='bbox 981 1521 1082 1664; x_wconf 67' lang='lat' dir='ltr'><strong>quod</strong></span> <span class='ocrx_word' id='word_1_122' title='bbox 1104 1515 1263 1582; x_wconf 91' lang='lat' dir='ltr'><strong>dominus</strong></span> <span class='ocrx_word' id='word_1_123' title='bbox 1283 1516 1355 1602; x_wconf 88' lang='lat' dir='ltr'><strong>ipse</strong></span> <span class='ocrx_word' id='word_1_124' title='bbox 1380 1517 1432 1580; x_wconf 86' lang='lat' dir='ltr'><strong>ait</strong></span> 
     </span>
     <span class='ocr_line' id='line_1_16' title="bbox 311 1595 1430 1691; baseline 0 -27"><span class='ocrx_word' id='word_1_125' title='bbox 311 1623 430 1668; x_wconf 85' lang='lat' dir='ltr'><strong>verum</strong></span> <span class='ocrx_word' id='word_1_126' title='bbox 450 1602 541 1668; x_wconf 85' lang='lat' dir='ltr'><strong>vitae</strong></span> <span class='ocrx_word' id='word_1_127' title='bbox 561 1605 705 1691; x_wconf 85' lang='lat' dir='ltr'><strong>lignum.</strong></span> <span class='ocrx_word' id='word_1_128' title='bbox 748 1605 806 1668; x_wconf 87' lang='lat' dir='ltr'><strong>Ille</strong></span> <span class='ocrx_word' id='word_1_129' title='bbox 827 1602 958 1689; x_wconf 88' lang='lat' dir='ltr'><strong>inquit,</strong></span> <span class='ocrx_word' id='word_1_130' title='bbox 1007 1601 1131 1666; x_wconf 82' lang='lat' dir='ltr'><strong>iabolus</strong></span> <span class='ocrx_word' id='word_1_131' title='bbox 1147 1595 1301 1688; x_wconf 80' lang='lat' dir='ltr'><strong>profecto</strong></span> <span class='ocrx_word' id='word_1_132' title='bbox 1322 1603 1430 1664; x_wconf 82' lang='lat' dir='ltr'><strong>sterni·</strong></span> 
     </span>
     <span class='ocr_line' id='line_1_17' title="bbox 312 1683 1432 1832; baseline 0.004 -86"><span class='ocrx_word' id='word_1_133' title='bbox 312 1686 392 1747; x_wconf 79' lang='lat' dir='ltr'><strong>aida</strong></span> <span class='ocrx_word' id='word_1_134' title='bbox 422 1701 494 1750; x_wconf 85' lang='lat' dir='ltr'><strong>erat</strong></span> <span class='ocrx_word' id='word_1_135' title='bbox 522 1687 565 1750; x_wconf 83' lang='lat' dir='ltr'><strong>ab</strong></span> <span class='ocrx_word' id='word_1_136' title='bbox 587 1691 696 1752; x_wconf 83' lang='lat' dir='ltr'><strong>initio.</strong></span> <span class='ocrx_word' id='word_1_137' title='bbox 740 1689 887 1752; x_wconf 76' lang='lat' dir='ltr'><strong>Putasne</strong></span> <span class='ocrx_word' id='word_1_138' title='bbox 910 1687 1051 1750; x_wconf 84' lang='lat' dir='ltr'><strong>alterum</strong></span> <span class='ocrx_word' id='word_1_139' title='bbox 1065 1685 1247 1832; x_wconf 70' lang='lat' dir='ltr'><strong>Iquminetu</strong></span> <span class='ocrx_word' id='word_1_140' title='bbox 1269 1683 1432 1750; x_wconf 77' lang='lat' dir='ltr'><strong>oceidill&#39;e</strong></span> 
     </span>
     <span class='ocr_line' id='line_1_18' title="bbox 311 1765 1487 1910; baseline 0.003 -81"><span class='ocrx_word' id='word_1_141' title='bbox 311 1781 445 1910; x_wconf 84' lang='lat' dir='ltr'><strong>praeter</strong></span> <span class='ocrx_word' id='word_1_142' title='bbox 471 1769 569 1833; x_wconf 88' lang='lat' dir='ltr'><strong>illum</strong></span> <span class='ocrx_word' id='word_1_143' title='bbox 599 1793 707 1834; x_wconf 90' lang='lat' dir='ltr'><strong>unum</strong></span> <span class='ocrx_word' id='word_1_144' title='bbox 739 1785 773 1834; x_wconf 90' lang='lat' dir='ltr'><strong>et</strong></span> <span class='ocrx_word' id='word_1_145' title='bbox 803 1771 908 1834; x_wconf 90' lang='lat' dir='ltr'><strong>solum</strong></span> <span class='ocrx_word' id='word_1_146' title='bbox 943 1790 1043 1854; x_wconf 88' lang='lat' dir='ltr'><strong>quem</strong></span> <span class='ocrx_word' id='word_1_147' title='bbox 1099 1767 1223 1840; x_wconf 69' lang='lat' dir='ltr'><strong>eund</strong></span> <span class='ocrx_word' id='word_1_148' title='bbox 1242 1765 1432 1866; x_wconf 67' lang='lat' dir='ltr'><strong>imaginem</strong></span> <span class='ocrx_word' id='word_1_149' title='bbox 1486 1825 1487 1862; x_wconf 47' lang='lat'>3</span> 
     </span>
     <span class='ocr_line' id='line_1_19' title="bbox 327 1849 1487 1938; baseline 0.005 -28"><span class='ocrx_word' id='word_1_150' title='bbox 327 1870 404 1914; x_wconf 89' lang='lat' dir='ltr'><strong>uam</strong></span> <span class='ocrx_word' id='word_1_151' title='bbox 426 1851 576 1916; x_wconf 76' lang='lat' dir='ltr'><strong>creavit?</strong></span> <span class='ocrx_word' id='word_1_152' title='bbox 599 1857 641 1918; x_wconf 91' lang='lat' dir='ltr'><strong>D.</strong></span> <span class='ocrx_word' id='word_1_153' title='bbox 665 1855 894 1938; x_wconf 83' lang='lat' dir='ltr'><strong>Nequaquam.</strong></span> <span class='ocrx_word' id='word_1_154' title='bbox 932 1855 980 1914; x_wconf 89' lang='grc' dir='ltr'><strong>Μ.</strong></span> <span class='ocrx_word' id='word_1_155' title='bbox 1004 1855 1034 1915; x_wconf 72' lang='grc' dir='ltr'>Α</span> <span class='ocrx_word' id='word_1_156' title='bbox 1052 1865 1223 1937; x_wconf 84' lang='lat' dir='ltr'><strong>quo.ergo</strong></span> <span class='ocrx_word' id='word_1_157' title='bbox 1243 1849 1345 1916; x_wconf 88' lang='lat' dir='ltr'><strong>initro</strong></span> <span class='ocrx_word' id='word_1_158' title='bbox 1368 1853 1432 1916; x_wconf 88' lang='lat' dir='ltr'><strong>ho·</strong></span> <span class='ocrx_word' id='word_1_159' title='bbox 1486 1891 1487 1896; x_wconf 22' lang='grc' dir='ltr'><strong>κ</strong></span> 
     </span>
     <span class='ocr_line' id='line_1_20' title="bbox 309 1931 1430 2010; baseline 0.003 -14"><span class='ocrx_word' id='word_1_160' title='bbox 309 1931 436 1998; x_wconf 86' lang='lat' dir='ltr'><strong>micida</strong></span> <span class='ocrx_word' id='word_1_161' title='bbox 458 1949 527 1998; x_wconf 90' lang='lat' dir='ltr'><strong>erat</strong></span> <span class='ocrx_word' id='word_1_162' title='bbox 549 1935 719 2010; x_wconf 83' lang='lat' dir='ltr'><strong>diabolus,</strong></span> <span class='ocrx_word' id='word_1_163' title='bbox 742 1959 826 2000; x_wconf 92' lang='lat' dir='ltr'><strong>num</strong></span> <span class='ocrx_word' id='word_1_164' title='bbox 847 1939 888 2000; x_wconf 90' lang='lat' dir='ltr'><strong>ab</strong></span> <span class='ocrx_word' id='word_1_165' title='bbox 910 1933 1011 1998; x_wconf 88' lang='lat' dir='ltr'><strong>initio</strong></span> <span class='ocrx_word' id='word_1_166' title='bbox 1035 1931 1245 1998; x_wconf 90' lang='lat' dir='ltr'><strong>conditionis</strong></span> <span class='ocrx_word' id='word_1_167' title='bbox 1264 1933 1430 2010; x_wconf 79' lang='lat' dir='ltr'><strong>hominis,</strong></span> 
     </span>
     <span class='ocr_line' id='line_1_21' title="bbox 312 2017 1430 2103; baseline 0.004 -25"><span class='ocrx_word' id='word_1_168' title='bbox 312 2037 355 2078; x_wconf 92' lang='lat' dir='ltr'><strong>an</strong></span> <span class='ocrx_word' id='word_1_169' title='bbox 378 2021 531 2082; x_wconf 78' lang='lat' dir='ltr'><strong>cerreab</strong></span> <span class='ocrx_word' id='word_1_170' title='bbox 554 2017 654 2084; x_wconf 90' lang='lat' dir='ltr'><strong>initio</strong></span> <span class='ocrx_word' id='word_1_171' title='bbox 678 2017 887 2084; x_wconf 90' lang='lat' dir='ltr'><strong>conditionis</strong></span> <span class='ocrx_word' id='word_1_172' title='bbox 910 2017 1108 2103; x_wconf 84' lang='lat' dir='ltr'><strong>utriusque,</strong></span> <span class='ocrx_word' id='word_1_173' title='bbox 1130 2017 1155 2080; x_wconf 88' lang='lat' dir='ltr'><strong>fi</strong></span> <span class='ocrx_word' id='word_1_174' title='bbox 1175 2017 1270 2081; x_wconf 84' lang='lat' dir='ltr'><strong>fimul</strong></span> <span class='ocrx_word' id='word_1_175' title='bbox 1292 2017 1430 2084; x_wconf 78' lang='lat' dir='ltr'><strong>conditi</strong></span> 
     </span>
     <span class='ocr_line' id='line_1_22' title="bbox 310 2098 1431 2186; baseline 0.007 -26"><span class='ocrx_word' id='word_1_176' title='bbox 310 2098 391 2162; x_wconf 88' lang='lat' dir='ltr'><strong>sont</strong></span> <span class='ocrx_word' id='word_1_177' title='bbox 419 2117 453 2164; x_wconf 83' lang='lat' dir='ltr'><strong>et</strong></span> <span class='ocrx_word' id='word_1_178' title='bbox 483 2102 565 2166; x_wconf 87' lang='lat' dir='ltr'><strong>alter</strong></span> <span class='ocrx_word' id='word_1_179' title='bbox 594 2105 735 2186; x_wconf 88' lang='lat' dir='ltr'><strong>alterum</strong></span> <span class='ocrx_word' id='word_1_180' title='bbox 757 2101 794 2166; x_wconf 91' lang='lat' dir='ltr'><strong>in</strong></span> <span class='ocrx_word' id='word_1_181' title='bbox 818 2100 1017 2168; x_wconf 91' lang='lat' dir='ltr'><strong>conditione</strong></span> <span class='ocrx_word' id='word_1_182' title='bbox 1037 2121 1110 2164; x_wconf 92' lang='lat' dir='ltr'><strong>non</strong></span> <span class='ocrx_word' id='word_1_183' title='bbox 1130 2099 1328 2184; x_wconf 76' lang='lat' dir='ltr'><strong>praecellit?</strong></span> <span class='ocrx_word' id='word_1_184' title='bbox 1360 2103 1431 2168; x_wconf 86' lang='lat' dir='ltr'><strong>Sed</strong></span> 
     </span>
     <span class='ocr_line' id='line_1_23' title="bbox 312 2181 1430 2280; baseline 0.001 -34"><span class='ocrx_word' id='word_1_185' title='bbox 312 2181 338 2246; x_wconf 86' lang='lat' dir='ltr'>fi</span> <span class='ocrx_word' id='word_1_186' title='bbox 365 2183 518 2249; x_wconf 89' lang='lat' dir='ltr'><strong>conditio</strong></span> <span class='ocrx_word' id='word_1_187' title='bbox 548 2183 674 2250; x_wconf 88' lang='lat' dir='ltr'><strong>diaboli</strong></span> <span class='ocrx_word' id='word_1_188' title='bbox 705 2184 937 2252; x_wconf 86' lang='lat' dir='ltr'><strong>conditionem</strong></span> <span class='ocrx_word' id='word_1_189' title='bbox 972 2181 1122 2250; x_wconf 87' lang='lat' dir='ltr'><strong>hominis</strong></span> <span class='ocrx_word' id='word_1_190' title='bbox 1152 2183 1430 2280; x_wconf 80' lang='lat' dir='ltr'><strong>praeoccupavit,</strong></span> 
     </span>
     <span class='ocr_line' id='line_1_24' title="bbox 314 2265 1432 2349; baseline 0.005 -22"><span class='ocrx_word' id='word_1_191' title='bbox 314 2269 486 2349; x_wconf 91' lang='lat' dir='ltr'><strong>quomodo</strong></span> <span class='ocrx_word' id='word_1_192' title='bbox 533 2270 573 2330; x_wconf 92' lang='lat' dir='ltr'><strong>ab</strong></span> <span class='ocrx_word' id='word_1_193' title='bbox 613 2265 714 2332; x_wconf 90' lang='lat' dir='ltr'><strong>initio</strong></span> <span class='ocrx_word' id='word_1_194' title='bbox 753 2269 813 2332; x_wconf 89' lang='lat' dir='ltr'><strong>suo</strong></span> <span class='ocrx_word' id='word_1_195' title='bbox 851 2267 1004 2332; x_wconf 85' lang='lat' dir='ltr'><strong>diabolus</strong></span> <span class='ocrx_word' id='word_1_196' title='bbox 1041 2265 1212 2330; x_wconf 76' lang='lat' dir='ltr'><strong>homicida</strong></span> <span class='ocrx_word' id='word_1_197' title='bbox 1250 2267 1346 2331; x_wconf 83' lang='lat' dir='ltr'><strong>erati</strong></span> <span class='ocrx_word' id='word_1_198' title='bbox 1394 2269 1432 2334; x_wconf 83' lang='lat' dir='ltr'><strong>Si</strong></span> 
     </span>
     <span class='ocr_line' id='line_1_25' title="bbox 309 2347 1487 2426; baseline 0.004 -17"><span class='ocrx_word' id='word_1_199' title='bbox 309 2368 392 2411; x_wconf 84' lang='lat' dir='ltr'><strong>vero</strong></span> <span class='ocrx_word' id='word_1_200' title='bbox 430 2347 579 2422; x_wconf 87' lang='lat' dir='ltr'><strong>hominis</strong></span> <span class='ocrx_word' id='word_1_201' title='bbox 620 2349 773 2414; x_wconf 89' lang='lat' dir='ltr'><strong>conditio</strong></span> <span class='ocrx_word' id='word_1_202' title='bbox 813 2350 1047 2416; x_wconf 87' lang='lat' dir='ltr'><strong>conditionem</strong></span> <span class='ocrx_word' id='word_1_203' title='bbox 1080 2347 1208 2413; x_wconf 85' lang='lat' dir='ltr'><strong>diaboli</strong></span> <span class='ocrx_word' id='word_1_204' title='bbox 1241 2351 1430 2426; x_wconf 82' lang='lat' dir='ltr'><strong>antevenit,</strong></span> <span class='ocrx_word' id='word_1_205' title='bbox 1486 2367 1487 2370; x_wconf 73' lang='grc'>’</span> 
     </span>
     <span class='ocr_line' id='line_1_26' title="bbox 335 2431 1431 2498; baseline 0.006 -7"><span class='ocrx_word' id='word_1_206' title='bbox 335 2435 484 2494; x_wconf 87' lang='lat' dir='ltr'><strong>uomodo</strong></span> <span class='ocrx_word' id='word_1_207' title='bbox 509 2431 661 2496; x_wconf 87' lang='lat' dir='ltr'><strong>diabolus</strong></span> <span class='ocrx_word' id='word_1_208' title='bbox 686 2435 725 2496; x_wconf 88' lang='lat' dir='ltr'><strong>ab</strong></span> <span class='ocrx_word' id='word_1_209' title='bbox 747 2432 849 2496; x_wconf 90' lang='lat' dir='ltr'><strong>initio</strong></span> <span class='ocrx_word' id='word_1_210' title='bbox 871 2435 1038 2498; x_wconf 85' lang='lat' dir='ltr'><strong>humanae</strong></span> <span class='ocrx_word' id='word_1_211' title='bbox 1059 2431 1268 2496; x_wconf 89' lang='lat' dir='ltr'><strong>conditionis</strong></span> <span class='ocrx_word' id='word_1_212' title='bbox 1287 2433 1431 2498; x_wconf 86' lang='lat' dir='ltr'><strong>homici-</strong></span> 
     </span>
     <span class='ocr_line' id='line_1_27' title="bbox 312 2451 1431 2603; baseline 0.007 -29"><span class='ocrx_word' id='word_1_213' title='bbox 312 2451 355 2575; x_wconf 69' lang='lat' dir='ltr'><strong>la</strong></span> <span class='ocrx_word' id='word_1_214' title='bbox 384 2513 541 2578; x_wconf 86' lang='lat' dir='ltr'><strong>dicetur‘l</strong></span> <span class='ocrx_word' id='word_1_215' title='bbox 578 2514 612 2578; x_wconf 87' lang='lat' dir='ltr'><strong>si</strong></span> <span class='ocrx_word' id='word_1_216' title='bbox 645 2529 757 2578; x_wconf 81' lang='lat' dir='ltr'><strong>autem</strong></span> <span class='ocrx_word' id='word_1_217' title='bbox 779 2515 982 2598; x_wconf 85' lang='lat' dir='ltr'><strong>relinquitur</strong></span> <span class='ocrx_word' id='word_1_218' title='bbox 1003 2531 1042 2579; x_wconf 89' lang='lat' dir='ltr'><strong>ut</strong></span> <span class='ocrx_word' id='word_1_219' title='bbox 1064 2517 1103 2594; x_wconf 84' lang='lat' dir='ltr'><strong>ab</strong></span> <span class='ocrx_word' id='word_1_220' title='bbox 1126 2513 1228 2580; x_wconf 90' lang='lat' dir='ltr'><strong>initio</strong></span> <span class='ocrx_word' id='word_1_221' title='bbox 1250 2516 1431 2603; x_wconf 86' lang='lat' dir='ltr'><strong>utriusque</strong></span> 
     </span>
     <span class='ocr_line' id='line_1_28' title="bbox 308 2595 1429 2677; baseline 0.006 -20"><span class='ocrx_word' id='word_1_222' title='bbox 308 2595 404 2658; x_wconf 84' lang='lat' dir='ltr'><strong>fimul</strong></span> <span class='ocrx_word' id='word_1_223' title='bbox 425 2597 537 2670; x_wconf 83' lang='lat' dir='ltr'><strong>sacto,</strong></span> <span class='ocrx_word' id='word_1_224' title='bbox 573 2611 607 2660; x_wconf 87' lang='lat' dir='ltr'><strong>et</strong></span> <span class='ocrx_word' id='word_1_225' title='bbox 631 2595 802 2677; x_wconf 77' lang='lat' dir='ltr'><strong>homicida</strong></span> <span class='ocrx_word' id='word_1_226' title='bbox 828 2613 897 2661; x_wconf 87' lang='lat' dir='ltr'><strong>erat</strong></span> <span class='ocrx_word' id='word_1_227' title='bbox 920 2597 1072 2662; x_wconf 88' lang='lat' dir='ltr'><strong>diabolus</strong></span> <span class='ocrx_word' id='word_1_228' title='bbox 1096 2613 1130 2662; x_wconf 90' lang='lat' dir='ltr'><strong>et</strong></span> <span class='ocrx_word' id='word_1_229' title='bbox 1153 2601 1254 2662; x_wconf 90' lang='lat' dir='ltr'><strong>homo</strong></span> <span class='ocrx_word' id='word_1_230' title='bbox 1278 2617 1349 2664; x_wconf 88' lang='lat' dir='ltr'><strong>erat</strong></span> <span class='ocrx_word' id='word_1_231' title='bbox 1372 2621 1429 2664; x_wconf 91' lang='lat' dir='ltr'><strong>oc·</strong></span> 
     </span>
     <span class='ocr_line' id='line_1_29' title="bbox 308 2667 1428 2774; baseline 0.006 -34"><span class='ocrx_word' id='word_1_232' title='bbox 308 2677 413 2748; x_wconf 84' lang='lat' dir='ltr'><strong>cistas:</strong></span> <span class='ocrx_word' id='word_1_233' title='bbox 446 2681 544 2764; x_wconf 89' lang='lat' dir='ltr'><strong>quale</strong></span> <span class='ocrx_word' id='word_1_234' title='bbox 580 2679 723 2774; x_wconf 88' lang='lat' dir='ltr'><strong>spatium</strong></span> <span class='ocrx_word' id='word_1_235' title='bbox 755 2681 853 2743; x_wconf 88' lang='lat' dir='ltr'><strong>datur</strong></span> <span class='ocrx_word' id='word_1_236' title='bbox 886 2679 1017 2747; x_wconf 90' lang='lat' dir='ltr'><strong>homini</strong></span> <span class='ocrx_word' id='word_1_237' title='bbox 1049 2679 1085 2744; x_wconf 92' lang='lat' dir='ltr'><strong>in</strong></span> <span class='ocrx_word' id='word_1_238' title='bbox 1116 2681 1268 2766; x_wconf 81' lang='lat' dir='ltr'><strong>paradiso</strong></span> <span class='ocrx_word' id='word_1_239' title='bbox 1299 2667 1428 2758; x_wconf 69' lang='lat' dir='ltr'><strong>vieille,</strong></span> 
     </span>
     <span class='ocr_line' id='line_1_30' title="bbox 306 2759 1429 2906; baseline 0.006 -82"><span class='ocrx_word' id='word_1_240' title='bbox 306 2759 503 2906; x_wconf 75' lang='lat' dir='ltr'><strong>priusquam</strong></span> <span class='ocrx_word' id='word_1_241' title='bbox 525 2783 543 2824; x_wconf 96' lang='lat' dir='ltr'><strong>a</strong></span> <span class='ocrx_word' id='word_1_242' title='bbox 566 2763 700 2838; x_wconf 79' lang='lat' dir='ltr'><strong>diabolo</strong></span> <span class='ocrx_word' id='word_1_243' title='bbox 726 2761 967 2829; x_wconf 78' lang='lat' dir='ltr'><strong>occideretur?</strong></span> <span class='ocrx_word' id='word_1_244' title='bbox 991 2767 1066 2828; x_wconf 87' lang='lat' dir='ltr'><strong>Hoc</strong></span> <span class='ocrx_word' id='word_1_245' title='bbox 1088 2763 1190 2838; x_wconf 73' lang='lat' dir='ltr'><strong>otiam</strong></span> <span class='ocrx_word' id='word_1_246' title='bbox 1213 2786 1253 2830; x_wconf 84' lang='lat' dir='ltr'><strong>ex</strong></span> <span class='ocrx_word' id='word_1_247' title='bbox 1274 2769 1429 2852; x_wconf 79' lang='lat' dir='ltr'><strong>Evange-</strong></span> 
     </span>
    </p>
   </div>
   <div class='ocr_carea' id='block_1_7' title="bbox 193 2843 1429 2944">
    <p class='ocr_par' dir='ltr' id='par_1_7' title="bbox 193 2843 1429 2944">
     <span class='ocr_line' id='line_1_31' title="bbox 193 2843 1429 2944; baseline 0.006 -39"><span class='ocrx_word' id='word_1_248' title='bbox 193 2889 197 2894; x_wconf 86' lang='lat'>-</span> <span class='ocrx_word' id='word_1_249' title='bbox 321 2863 373 2906; x_wconf 83' lang='lat' dir='ltr'><strong>sca</strong></span> <span class='ocrx_word' id='word_1_250' title='bbox 402 2845 559 2928; x_wconf 88' lang='lat' dir='ltr'><strong>parabola</strong></span> <span class='ocrx_word' id='word_1_251' title='bbox 590 2843 762 2908; x_wconf 80' lang='lat' dir='ltr'><strong>manifeste</strong></span> <span class='ocrx_word' id='word_1_252' title='bbox 792 2848 963 2930; x_wconf 89' lang='lat' dir='ltr'><strong>probatur.</strong></span> <span class='ocrx_word' id='word_1_253' title='bbox 1006 2850 1117 2912; x_wconf 89' lang='lat' dir='ltr'><strong>Homo</strong></span> <span class='ocrx_word' id='word_1_254' title='bbox 1140 2849 1274 2925; x_wconf 78' lang='lat' dir='ltr'><strong>quidem</strong></span> <span class='ocrx_word' id='word_1_255' title='bbox 1295 2847 1429 2944; x_wconf 76' lang='lat' dir='ltr'><strong>descen-</strong></span> 
     </span>
    </p>
   </div>
   <div class='ocr_carea' id='block_1_8' title="bbox 259 2921 1487 4264">
    <p class='ocr_par' dir='ltr' id='par_1_8' title="bbox 259 2921 1487 4264">
     <span class='ocr_line' id='line_1_32' title="bbox 306 2921 1427 3010; baseline 0.005 -20"><span class='ocrx_word' id='word_1_256' title='bbox 306 2926 410 2990; x_wconf 80' lang='lat' dir='ltr'><strong>debot</strong></span> <span class='ocrx_word' id='word_1_257' title='bbox 439 2928 481 2990; x_wconf 87' lang='lat' dir='ltr'><strong>ab</strong></span> <span class='ocrx_word' id='word_1_258' title='bbox 510 2921 717 3010; x_wconf 75' lang='lat' dir='ltr'><strong>Hierusalem</strong></span> <span class='ocrx_word' id='word_1_259' title='bbox 749 2931 784 2990; x_wconf 88' lang='lat' dir='ltr'><strong>in</strong></span> <span class='ocrx_word' id='word_1_260' title='bbox 811 2931 960 3004; x_wconf 71' lang='lat' dir='ltr'><strong>saricho,</strong></span> <span class='ocrx_word' id='word_1_261' title='bbox 995 2944 1029 2992; x_wconf 78' lang='lat' dir='ltr'><strong>et</strong></span> <span class='ocrx_word' id='word_1_262' title='bbox 1060 2932 1180 2994; x_wconf 83' lang='lat' dir='ltr'><strong>incidit</strong></span> <span class='ocrx_word' id='word_1_263' title='bbox 1208 2933 1242 2995; x_wconf 87' lang='lat' dir='ltr'><strong>in</strong></span> <span class='ocrx_word' id='word_1_264' title='bbox 1263 2933 1427 2998; x_wconf 77' lang='lat' dir='ltr'><strong>latrones.</strong></span> 
     </span>
     <span class='ocr_line' id='line_1_33' title="bbox 305 3009 1487 3107; baseline 0.006 -34"><span class='ocrx_word' id='word_1_265' title='bbox 305 3012 385 3074; x_wconf 88' lang='lat' dir='ltr'><strong>Non</strong></span> <span class='ocrx_word' id='word_1_266' title='bbox 409 3010 587 3086; x_wconf 87' lang='lat' dir='ltr'><strong>enimait,</strong></span> <span class='ocrx_word' id='word_1_267' title='bbox 610 3009 871 3107; x_wconf 76' lang='lat' dir='ltr'><strong>homoquidam</strong></span> <span class='ocrx_word' id='word_1_268' title='bbox 892 3027 964 3074; x_wconf 84' lang='lat' dir='ltr'><strong>erat</strong></span> <span class='ocrx_word' id='word_1_269' title='bbox 989 3011 1024 3076; x_wconf 91' lang='lat' dir='ltr'><strong>in</strong></span> <span class='ocrx_word' id='word_1_270' title='bbox 1047 3014 1223 3078; x_wconf 88' lang='lat' dir='ltr'><strong>Jerusalem</strong></span> <span class='ocrx_word' id='word_1_271' title='bbox 1247 3031 1281 3078; x_wconf 86' lang='lat' dir='ltr'><strong>et</strong></span> <span class='ocrx_word' id='word_1_272' title='bbox 1302 3015 1430 3080; x_wconf 87' lang='lat' dir='ltr'><strong>incidit</strong></span> <span class='ocrx_word' id='word_1_273' title='bbox 1486 3011 1487 3020; x_wconf 40' lang='lat'>¹</span> 
     </span>
     <span class='ocr_line' id='line_1_34' title="bbox 305 3091 1427 3184; baseline 0.009 -30"><span class='ocrx_word' id='word_1_274' title='bbox 305 3091 342 3155; x_wconf 93' lang='lat' dir='ltr'><strong>in</strong></span> <span class='ocrx_word' id='word_1_275' title='bbox 370 3095 529 3176; x_wconf 86' lang='lat' dir='ltr'><strong>latrones.</strong></span> <span class='ocrx_word' id='word_1_276' title='bbox 572 3095 658 3158; x_wconf 88' lang='lat' dir='ltr'><strong>Nam</strong></span> <span class='ocrx_word' id='word_1_277' title='bbox 699 3094 781 3158; x_wconf 80' lang='lat' dir='ltr'><strong>fian</strong></span> <span class='ocrx_word' id='word_1_278' title='bbox 801 3093 1008 3168; x_wconf 68' lang='lat' dir='ltr'><strong>Jerusalem.</strong></span> <span class='ocrx_word' id='word_1_279' title='bbox 1030 3098 1096 3160; x_wconf 90' lang='lat' dir='ltr'><strong>hoc</strong></span> <span class='ocrx_word' id='word_1_280' title='bbox 1118 3096 1177 3170; x_wconf 85' lang='lat' dir='ltr'><strong>ert.</strong></span> <span class='ocrx_word' id='word_1_281' title='bbox 1213 3097 1249 3160; x_wconf 89' lang='lat' dir='ltr'><strong>in</strong></span> <span class='ocrx_word' id='word_1_282' title='bbox 1271 3099 1427 3184; x_wconf 84' lang='lat' dir='ltr'><strong>paradiso</strong></span> 
     </span>
     <span class='ocr_line' id='line_1_35' title="bbox 304 3177 1427 3262; baseline 0.007 -24"><span class='ocrx_word' id='word_1_283' title='bbox 304 3178 452 3242; x_wconf 86' lang='lat' dir='ltr'><strong>humana</strong></span> <span class='ocrx_word' id='word_1_284' title='bbox 477 3193 596 3240; x_wconf 84' lang='lat' dir='ltr'><strong>natura</strong></span> <span class='ocrx_word' id='word_1_285' title='bbox 616 3192 849 3262; x_wconf 87' lang='lat' dir='ltr'><strong>permaneret,</strong></span> <span class='ocrx_word' id='word_1_286' title='bbox 885 3177 1038 3260; x_wconf 85' lang='lat' dir='ltr'><strong>profecto</strong></span> <span class='ocrx_word' id='word_1_287' title='bbox 1061 3177 1096 3242; x_wconf 91' lang='lat' dir='ltr'><strong>in</strong></span> <span class='ocrx_word' id='word_1_288' title='bbox 1118 3179 1285 3256; x_wconf 85' lang='lat' dir='ltr'><strong>latrones,</strong></span> <span class='ocrx_word' id='word_1_289' title='bbox 1310 3181 1427 3248; x_wconf 85' lang='lat' dir='ltr'><strong>diabo-</strong></span> 
     </span>
     <span class='ocr_line' id='line_1_36' title="bbox 304 3257 1427 3359; baseline 0.008 -39"><span class='ocrx_word' id='word_1_290' title='bbox 304 3259 377 3323; x_wconf 87' lang='lat' dir='ltr'><strong>lum</strong></span> <span class='ocrx_word' id='word_1_291' title='bbox 405 3257 565 3323; x_wconf 88' lang='lat' dir='ltr'><strong>videlicet</strong></span> <span class='ocrx_word' id='word_1_292' title='bbox 594 3259 817 3344; x_wconf 82' lang='lat' dir='ltr'><strong>satellitesque</strong></span> <span class='ocrx_word' id='word_1_293' title='bbox 839 3263 932 3354; x_wconf 67' lang='lat' dir='ltr'><strong>ejus,</strong></span> <span class='ocrx_word' id='word_1_294' title='bbox 969 3282 1040 3325; x_wconf 88' lang='lat' dir='ltr'><strong>non</strong></span> <span class='ocrx_word' id='word_1_295' title='bbox 1071 3261 1270 3359; x_wconf 76' lang='lat' dir='ltr'><strong>incurreret.</strong></span> <span class='ocrx_word' id='word_1_296' title='bbox 1324 3265 1427 3330; x_wconf 82' lang='lat' dir='ltr'><strong>Prius</strong></span> 
     </span>
     <span class='ocr_line' id='line_1_37' title="bbox 287 3342 1465 3521; baseline 0.008 -35"><span class='ocrx_word' id='word_1_297' title='bbox 287 3342 711 3520; x_wconf 45' lang='lat' dir='ltr'><strong>{sedditibus</strong></span> <span class='ocrx_word' id='word_1_298' title='bbox 732 3343 1426 3521; x_wconf 50' lang='lat' dir='ltr'><strong>llll‘tnelltllllllltiit‘f&#39;tl</strong></span> <span class='ocrx_word' id='word_1_299' title='bbox 1463 3399 1465 3404; x_wconf 83' lang='grc'><strong>’</strong></span> 
     </span>
     <span class='ocr_line' id='line_1_38' title="bbox 305 3506 1425 3589; baseline 0.009 -21"><span class='ocrx_word' id='word_1_300' title='bbox 305 3507 367 3580; x_wconf 83' lang='lat' dir='ltr'><strong>osi,</strong></span> <span class='ocrx_word' id='word_1_301' title='bbox 398 3527 434 3568; x_wconf 81' lang='lat' dir='ltr'><strong>an</strong></span> <span class='ocrx_word' id='word_1_302' title='bbox 465 3506 635 3570; x_wconf 87' lang='lat' dir='ltr'><strong>delectum</strong></span> <span class='ocrx_word' id='word_1_303' title='bbox 676 3509 924 3572; x_wconf 80' lang='lat' dir='ltr'><strong>rnllabrlrtatem</strong></span> <span class='ocrx_word' id='word_1_304' title='bbox 950 3532 992 3572; x_wconf 89' lang='lat' dir='ltr'><strong>ue</strong></span> <span class='ocrx_word' id='word_1_305' title='bbox 1023 3533 1133 3574; x_wconf 89' lang='lat' dir='ltr'><strong>rerum</strong></span> <span class='ocrx_word' id='word_1_306' title='bbox 1157 3527 1232 3574; x_wconf 76' lang='lat' dir='ltr'><strong>tem</strong></span> <span class='ocrx_word' id='word_1_307' title='bbox 1260 3513 1425 3589; x_wconf 85' lang='lat' dir='ltr'><strong>oralium;</strong></span> 
     </span>
     <span class='ocr_line' id='line_1_39' title="bbox 259 3531 1424 3684; baseline 0.011 -35"><span class='ocrx_word' id='word_1_308' title='bbox 259 3613 263 3620; x_wconf 57' lang='lat'>¹</span> <span class='ocrx_word' id='word_1_309' title='bbox 304 3603 338 3684; x_wconf 74' lang='lat' dir='ltr'><strong>pt</strong></span> <span class='ocrx_word' id='word_1_310' title='bbox 360 3591 512 3684; x_wconf 77' lang='lat' dir='ltr'><strong>cadendo</strong></span> <span class='ocrx_word' id='word_1_311' title='bbox 533 3591 728 3654; x_wconf 88' lang='lat' dir='ltr'><strong>vulneratus</strong></span> <span class='ocrx_word' id='word_1_312' title='bbox 751 3591 815 3664; x_wconf 84' lang='lat' dir='ltr'><strong>est,</strong></span> <span class='ocrx_word' id='word_1_313' title='bbox 838 3531 1064 3678; x_wconf 73' lang='lat' dir='ltr'><strong>omnilrusque</strong></span> <span class='ocrx_word' id='word_1_314' title='bbox 1090 3535 1297 3660; x_wconf 74' lang='lat' dir='ltr'><strong>naturaliiuo</strong></span> <span class='ocrx_word' id='word_1_315' title='bbox 1320 3595 1424 3662; x_wconf 78' lang='lat' dir='ltr'><strong>bonis</strong></span> 
     </span>
     <span class='ocr_line' id='line_1_40' title="bbox 303 3672 1425 3766; baseline 0.007 -32"><span class='ocrx_word' id='word_1_316' title='bbox 303 3691 341 3734; x_wconf 87' lang='lat' dir='ltr'><strong>m</strong></span> <span class='ocrx_word' id='word_1_317' title='bbox 369 3674 492 3756; x_wconf 84' lang='lat' dir='ltr'><strong>qmbus</strong></span> <span class='ocrx_word' id='word_1_318' title='bbox 520 3688 590 3736; x_wconf 88' lang='lat' dir='ltr'><strong>erat</strong></span> <span class='ocrx_word' id='word_1_319' title='bbox 624 3672 805 3747; x_wconf 85' lang='lat' dir='ltr'><strong>conditus,</strong></span> <span class='ocrx_word' id='word_1_320' title='bbox 839 3673 1008 3760; x_wconf 86' lang='lat' dir='ltr'><strong>spoliatus.</strong></span> <span class='ocrx_word' id='word_1_321' title='bbox 1052 3676 1117 3740; x_wconf 90' lang='lat' dir='ltr'><strong>Ubi</strong></span> <span class='ocrx_word' id='word_1_322' title='bbox 1148 3680 1246 3742; x_wconf 88' lang='lat' dir='ltr'><strong>datur</strong></span> <span class='ocrx_word' id='word_1_323' title='bbox 1273 3677 1425 3766; x_wconf 83' lang='lat' dir='ltr'><strong>intelligi</strong></span> 
     </span>
     <span class='ocr_line' id='line_1_41' title="bbox 304 3754 1426 3845; baseline 0.01 -28"><span class='ocrx_word' id='word_1_324' title='bbox 304 3757 396 3840; x_wconf 90' lang='lat' dir='ltr'><strong>quod</strong></span> <span class='ocrx_word' id='word_1_325' title='bbox 417 3757 520 3818; x_wconf 90' lang='lat' dir='ltr'><strong>homo</strong></span> <span class='ocrx_word' id='word_1_326' title='bbox 542 3754 635 3841; x_wconf 85' lang='lat' dir='ltr'><strong>prius</strong></span> <span class='ocrx_word' id='word_1_327' title='bbox 658 3755 693 3820; x_wconf 87' lang='lat' dir='ltr'><strong>in</strong></span> <span class='ocrx_word' id='word_1_328' title='bbox 716 3757 750 3820; x_wconf 85' lang='lat' dir='ltr'><strong>se</strong></span> <span class='ocrx_word' id='word_1_329' title='bbox 770 3756 843 3844; x_wconf 87' lang='lat' dir='ltr'><strong>ipso</strong></span> <span class='ocrx_word' id='word_1_330' title='bbox 864 3759 973 3843; x_wconf 87' lang='lat' dir='ltr'><strong>lapsos</strong></span> <span class='ocrx_word' id='word_1_331' title='bbox 999 3759 1059 3835; x_wconf 83' lang='lat' dir='ltr'><strong>esi,</strong></span> <span class='ocrx_word' id='word_1_332' title='bbox 1083 3781 1182 3845; x_wconf 85' lang='lat' dir='ltr'><strong>quam</strong></span> <span class='ocrx_word' id='word_1_333' title='bbox 1197 3759 1333 3830; x_wconf 89' lang='lat' dir='ltr'><strong>diabolo</strong></span> <span class='ocrx_word' id='word_1_334' title='bbox 1350 3778 1426 3828; x_wconf 85' lang='lat' dir='ltr'><strong>ten·</strong></span> 
     </span>
     <span class='ocr_line' id='line_1_42' title="bbox 303 3839 1423 3932; baseline 0.01 -33"><span class='ocrx_word' id='word_1_335' title='bbox 303 3841 445 3909; x_wconf 77' lang='lat' dir='ltr'><strong>teretur,</strong></span> <span class='ocrx_word' id='word_1_336' title='bbox 469 3859 534 3900; x_wconf 89' lang='lat' dir='ltr'><strong>nec</strong></span> <span class='ocrx_word' id='word_1_337' title='bbox 555 3843 620 3904; x_wconf 94' lang='lat' dir='ltr'><strong>hoc</strong></span> <span class='ocrx_word' id='word_1_338' title='bbox 642 3839 774 3914; x_wconf 83' lang='lat' dir='ltr'><strong>solum,</strong></span> <span class='ocrx_word' id='word_1_339' title='bbox 792 3861 913 3906; x_wconf 22' lang='lat' dir='ltr'><strong>&#39;verum</strong></span> <span class='ocrx_word' id='word_1_340' title='bbox 936 3839 1037 3906; x_wconf 90' lang='lat' dir='ltr'><strong>etiam</strong></span> <span class='ocrx_word' id='word_1_341' title='bbox 1060 3846 1153 3928; x_wconf 90' lang='lat' dir='ltr'><strong>quod</strong></span> <span class='ocrx_word' id='word_1_342' title='bbox 1173 3851 1246 3910; x_wconf 86' lang='lat' dir='ltr'><strong>non</strong></span> <span class='ocrx_word' id='word_1_343' title='bbox 1268 3843 1305 3909; x_wconf 92' lang='lat' dir='ltr'><strong>in</strong></span> <span class='ocrx_word' id='word_1_344' title='bbox 1326 3867 1423 3932; x_wconf 84' lang='lat' dir='ltr'><strong>para·</strong></span> 
     </span>
     <span class='ocr_line' id='line_1_43' title="bbox 303 3919 1424 4014; baseline 0.009 -30"><span class='ocrx_word' id='word_1_345' title='bbox 303 3919 393 3987; x_wconf 85' lang='lat' dir='ltr'><strong>diso.</strong></span> <span class='ocrx_word' id='word_1_346' title='bbox 432 3923 489 3985; x_wconf 89' lang='lat' dir='ltr'><strong>sed</strong></span> <span class='ocrx_word' id='word_1_347' title='bbox 511 3923 735 3988; x_wconf 87' lang='lat' dir='ltr'><strong>descendente</strong></span> <span class='ocrx_word' id='word_1_348' title='bbox 758 3943 797 3986; x_wconf 89' lang='lat' dir='ltr'><strong>co</strong></span> <span class='ocrx_word' id='word_1_349' title='bbox 818 3922 1020 4008; x_wconf 87' lang='lat' dir='ltr'><strong>propriaque</strong></span> <span class='ocrx_word' id='word_1_350' title='bbox 1042 3926 1217 3992; x_wconf 86' lang='lat' dir='ltr'><strong>voluntate</strong></span> <span class='ocrx_word' id='word_1_351' title='bbox 1240 3927 1424 4014; x_wconf 83' lang='lat' dir='ltr'><strong>aparadist</strong></span> 
     </span>
     <span class='ocr_line' id='line_1_44' title="bbox 269 3999 1424 4100; baseline 0.011 -36"><span class='ocrx_word' id='word_1_352' title='bbox 269 4049 270 4052; x_wconf 17' lang='grc' dir='ltr'>η</span> <span class='ocrx_word' id='word_1_353' title='bbox 302 4001 465 4084; x_wconf 72' lang='lat' dir='ltr'><strong>Felicitate</strong></span> <span class='ocrx_word' id='word_1_354' title='bbox 494 4027 579 4100; x_wconf 85' lang='lat' dir='ltr'><strong>quae</strong></span> <span class='ocrx_word' id='word_1_355' title='bbox 598 3999 776 4091; x_wconf 76' lang='lat' dir='ltr'><strong>Jerusalem</strong></span> <span class='ocrx_word' id='word_1_356' title='bbox 798 4009 983 4081; x_wconf 85' lang='lat' dir='ltr'><strong>vocabulo,</strong></span> <span class='ocrx_word' id='word_1_357' title='bbox 1019 4009 1085 4072; x_wconf 88' lang='lat' dir='ltr'><strong>hoc</strong></span> <span class='ocrx_word' id='word_1_358' title='bbox 1106 4009 1172 4085; x_wconf 87' lang='lat' dir='ltr'><strong>ell,</strong></span> <span class='ocrx_word' id='word_1_359' title='bbox 1205 4009 1343 4077; x_wconf 82' lang='lat' dir='ltr'><strong>visionis</strong></span> <span class='ocrx_word' id='word_1_360' title='bbox 1363 4033 1424 4098; x_wconf 78' lang='lat' dir='ltr'><strong>pa·</strong></span> 
     </span>
     <span class='ocr_line' id='line_1_45' title="bbox 275 4083 1423 4172; baseline 0.011 -23"><span class='ocrx_word' id='word_1_361' title='bbox 275 4124 279 4130; x_wconf 96' lang='lat'>-</span> <span class='ocrx_word' id='word_1_362' title='bbox 302 4084 358 4150; x_wconf 89' lang='lat' dir='ltr'><strong>eis·</strong></span> <span class='ocrx_word' id='word_1_363' title='bbox 372 4083 592 4172; x_wconf 75' lang='lat' dir='ltr'><strong>intelligitur,</strong></span> <span class='ocrx_word' id='word_1_364' title='bbox 611 4090 808 4170; x_wconf 9' lang='lat' dir='ltr'><strong>*desereutm</strong></span> <span class='ocrx_word' id='word_1_365' title='bbox 836 4103 869 4152; x_wconf 89' lang='lat' dir='ltr'><strong>et</strong></span> <span class='ocrx_word' id='word_1_366' title='bbox 888 4087 926 4152; x_wconf 89' lang='lat' dir='ltr'><strong>in</strong></span> <span class='ocrx_word' id='word_1_367' title='bbox 940 4089 1091 4170; x_wconf 79' lang='lat' dir='ltr'><strong>iericho,</strong></span> <span class='ocrx_word' id='word_1_368' title='bbox 1112 4095 1179 4158; x_wconf 90' lang='lat' dir='ltr'><strong>hoc</strong></span> <span class='ocrx_word' id='word_1_369' title='bbox 1197 4093 1251 4169; x_wconf 81' lang='lat' dir='ltr'><strong>eli,</strong></span> <span class='ocrx_word' id='word_1_370' title='bbox 1274 4093 1311 4160; x_wconf 87' lang='lat' dir='ltr'><strong>in</strong></span> <span class='ocrx_word' id='word_1_371' title='bbox 1325 4097 1423 4162; x_wconf 88' lang='lat' dir='ltr'><strong>hune</strong></span> 
     </span>
     <span class='ocr_line' id='line_1_46' title="bbox 300 4171 1421 4264; baseline 0.01 -30"><span class='ocrx_word' id='word_1_372' title='bbox 300 4171 468 4236; x_wconf 84' lang='lat' dir='ltr'><strong>mundum</strong></span> <span class='ocrx_word' id='word_1_373' title='bbox 488 4173 623 4236; x_wconf 84' lang='lat' dir='ltr'><strong>labente</strong></span> <span class='ocrx_word' id='word_1_374' title='bbox 642 4193 661 4236; x_wconf 89' lang='lat' dir='ltr'><strong>a</strong></span> <span class='ocrx_word' id='word_1_375' title='bbox 683 4171 817 4238; x_wconf 87' lang='lat' dir='ltr'><strong>diabolo</strong></span> <span class='ocrx_word' id='word_1_376' title='bbox 835 4171 1000 4240; x_wconf 86' lang='lat' dir='ltr'><strong>sauciatus</strong></span> <span class='ocrx_word' id='word_1_377' title='bbox 1015 4175 1065 4252; x_wconf 83' lang='lat' dir='ltr'><strong>fit,</strong></span> <span class='ocrx_word' id='word_1_378' title='bbox 1087 4190 1123 4240; x_wconf 88' lang='lat' dir='ltr'><strong>et</strong></span> <span class='ocrx_word' id='word_1_379' title='bbox 1138 4175 1312 4264; x_wconf 85' lang='lat' dir='ltr'><strong>spoliatus.</strong></span> <span class='ocrx_word' id='word_1_380' title='bbox 1339 4180 1421 4245; x_wconf 88' lang='lat' dir='ltr'><strong>Non</strong></span> 
     </span>
    </p>
   </div>
   <div class='ocr_carea' id='block_1_9' title="bbox 0 0 1522 4862">
    <p class='ocr_par' dir='ltr' id='par_1_9' title="bbox 0 0 1522 4862">
     <span class='ocr_line' id='line_1_47' title="bbox 0 0 1522 4862; baseline 0 1"><span class='ocrx_word' id='word_1_381' title='bbox 0 0 1522 4862; x_wconf 95' lang='lat' dir='ltr'><strong> </strong></span> 
     </span>
    </p>
   </div>
  </div>
 </body>
</html>
