3038 4828
307 277 383 349 262
475 352 479 360 ,
632 279 687 347 tte
707 275 889 348 Dtubtone
911 273 1085 346 Naturae.
1160 368 1163 376 Ι

308 452 439 530 'tionem
467 460 619 548 patient,
650 460 860 528 incrementa
892 475 926 526 et
953 459 1154 526 detrimenta
1174 479 1236 546 per
1256 455 1435 556 quantita·
1508 475 1509 488 ¹

310 563 360 612 tea
391 559 425 608 et
446 544 625 630 qualitates
644 545 789 632 recipit,
826 543 1011 630 multisque
1033 559 1068 609 et
1087 541 1189 608 variis
1211 539 1434 613 diserentiie,
1508 617 1509 620 Ἴ

309 649 395 717 quae
416 628 619 693 extrinsecus
638 649 682 693 ex
701 629 862 716 qualitate
874 631 1205 701 locorum-aerum,
1226 628 1430 700 humorum,

231 763 233 770 κ
309 713 483 789 ciborum,
516 709 740 811 similiumque
762 714 974 778 occasionum
997 708 1175 784 accidunt,
1214 707 1435 791 succumbit;

309 816 427 861 nonne
456 794 633 860 verisimile
659 799 813 872 vtdetur,
848 812 1027 883 tectaeque
1053 789 1180 858 rationi
1202 789 1437 865 conveniens,

310 895 352 942 ut
380 877 453 964 ,ipsa
484 877 691 944 mutabilitas
712 878 871 945 materiae
893 877 1062 964 cumipse
1085 879 1190 942 forma
1212 871 1434 962 qualitativa,

310 982 397 1049 quae
429 959 461 1024 ei
494 963 668 1037 adhaeret,
703 966 850 1028 eundem
886 965 1007 1028 aestum
1029 958 1259 1026 fluctuationis
1282 956 1440 1022 assiduae

310 1043 531 1130 turbidaeque
558 1045 709 1132 patitur,
743 1068 904 1134 aquarum
939 1047 998 1109 sub
1021 1047 1116 1110 coelo
1138 1040 1335 1129 stmplicium
1360 1043 1439 1102 ele-

309 1143 502 1194 mentorum
535 1129 716 1216 positarum
749 1119 881 1217 tropiio
915 1129 1057 1194 nomine
1079 1130 1198 1192 debeat
1220 1123 1436 1222 significari?

312 1210 541 1276 Substantialis
562 1233 643 1277 vero
663 1213 771 1278 forma
791 1215 846 1276 vel
871 1211 996 1298 species
1017 1233 1140 1298 genere
1163 1211 1222 1272 suo
1238 1226 1440 1272 incommu-

311 1293 460 1358 tabiliter
481 1295 671 1372 subsistens,
694 1319 779 1385 quae
799 1298 896 1361 nullo
918 1299 1021 1360 modo
1043 1294 1120 1360 cu'n't
1143 1313 1284 1390 corpore
1305 1311 1343 1354 ex
1355 1311 1440 1354 rna·

159 1370 164 1383 '
229 1385 233 1392 ’
309 1377 393 1442 teria
422 1391 457 1440 et
484 1379 681 1466 qualitativa
714 1381 822 1444 forma
844 1380 1051 1476 compostto,
1086 1377 1344 1471 mutabilitatum
1371 1395 1439 1460 pa·

310 1460 411 1542 titur5
445 1464 528 1536 (non
565 1461 656 1526 enim
678 1475 756 1528 cu'm
778 1483 917 1550 corpore
942 1461 1086 1548 incipit,
1121 1457 1330 1546 quarruvium
1352 1479 1440 1522 cor·

308 1565 392 1635 pore
413 1560 591 1621 nascatur,
614 1546 683 1609 stne
705 1567 772 1632 quo
796 1567 857 1632 per
877 1545 1016 1631 seipsam
1038 1543 1075 1606 in
1099 1563 1222 1629 genere
1241 1541 1301 1620 suo
1322 1541 1439 1604 elsen-

310 1626 436 1718 tialiter
472 1643 665 1714 permanet3
702 1643 814 1714 neque
832 1641 834 1644 ’
852 1647 930 1692 cum
965 1649 1005 1708 eo
1034 1624 1280 1710 corrumpitur,
1317 1642 1439 1709 quum

310 1707 464 1786 essentia,
488 1725 522 1774 et
541 1710 670 1786 virtue,
693 1727 736 1774 et·
749 1711 907 1797 operatio
919 1731 997 1774 cum
1014 1706 1337 1794 corruptibilibua'et
1350 1729 1440 1771 mu-

309 1791 469 1857 tabilibus
491 1813 555 1855 nec
577 1794 765 1878 corrumpi,
790 1815 855 1857 nec
871 1793 993 1856 mutari
1013 1793 1167 1878 possunt,
1190 1788 1333 1936 propriis
1345 1791 1441 1856 suae

310 1890 450 1938 naturae
470 1874 647 1955 substdiie,)
679 1877 814 1947 aridae,
847 1879 914 1940 hoc
937 1875 999 1948 esi,
1034 1890 1141 1936 terrae
1163 1893 1247 1935 voca
1272 1873 1328 1936 ulo
1348 1896 1439 1946 non
1508 1879 1509 1882 ’

309 1956 413 2020 incon
439 1979 499 2020 rue
521 1959 717 2043 appelletur.
752 1961 1003 2042 congregentur
1023 1977 1101 2038 ergo
1124 1971 1353 2040 aquamquue
1364 1957 1439 2048 [ub

309 1977 511 2131 coeloJunt,
534 2042 693 2106 inlocum
715 2065 827 2117 unum,
851 2055 885 2104 et
905 2053 1073 2123 appareat
1093 2039 1202 2106 arida.
1246 2039 1314 2102 Nisi
1330 2043 1439 2108 enim

310 2122 595 2210 contemplativus
617 2123 749 2188 animus
772 2127 995 2188 fluctuantem
1017 2121 1185 2186 materiae‘
1199 2125 1442 2192 adhaerentia·

319 2229 376 2290 ¹ue
408 2206 440 2270 ei
470 2205 598 2270 sannae
618 2205 889 2282 instabilitatem,
927 2205 1034 2270 veluti
1049 2208 1218 2293 'quosdam
1242 2206 1439 2274 aestuantes

308 2229 454 2364 duetus,
490 2287 527 2352 in
550 2310 658 2352 unum
680 2289 928 2375 intelligentiae
949 2291 1063 2356 locum
1083 2293 1188 2367 sunus
1207 2311 1352 2376 namque
1378 2292 1442 2356 in·

309 2374 464 2436 tellectue
486 2369 529 2434 est
544 2371 703 2436 materiae
725 2371 1005 2518 adhaerentisque
1040 2372 1071 2438 ei
1095 2371 1239 2446 formae,
1263 2372 1440 2458 quoniam

310 2469 418 2520 un'um
440 2456 561 2540 corpus
584 2453 748 2532 efficiunt)
769 2454 864 2541 priua
888 2457 940 2520 col
956 2470 1043 2541 rget,
1076 2455 1182 2520 forma
1204 2456 1260 2518 illa
1283 2455 1441 2524 substan-

282 2606 284 2610 ·
310 2537 418 2612 tialie‚
441 2536 586 2601 naturali
609 2536 776 2602 soliditate
791 2539 867 2602 suae
882 2551 1020 2602 naturae
1034 2537 1307 2625 temperantius,
1330 2557 1440 2606 men·

311 2621 353 2684 tis
376 2619 483 2685 oculis
505 2641 662 2716 apparere
681 2635 754 2684 'non
776 2621 921 2706 poterit3
946 2637 985 2684 ut
1007 2621 1098 2684 enim
1117 2621 1247 2686 diffufio
1261 2643 1437 2708 aquarum

311 2703 440 2776 telluris
461 2701 682 2776 soliditatem,
717 2725 761 2766 ne
785 2704 930 2767 sensibue
953 2705 1121 2790 corporeis
1138 2717 1319 2790 appareat,
1344 2727 1440 2774 coo·

309 2785 413 2873 perit3
447 2785 492 2848 ita
515 2783 786 2872 corruptibilium
808 2807 988 2870 corporum
1027 2787 1232 2851 mutabilitas
1261 2803 1294 2851 et
1322 2787 1440 2856 innu-

309 2867 478 2933 merabilia
500 2867 762 2954 multiplicatio.
787 2870 984 2934 subfislentis
1006 2869 1053 2933 eis
1072 2873 1197 2934 formae
1212 2869 1439 2940 stabilitatem

309 2956 349 3016 ab
373 2951 658 3036 intellectualibus
681 2951 789 3016 oculis
811 2968 962 3016 naturam
987 2975 1096 3016 rerunt
1113 2953 1439 3039 contemplantibus

310 3036 434 3110 aufert,
465 3057 509 3098 ne
542 3059 602 3122 per
625 3035 656 3097 se
678 3055 695 3097 a
718 3036 914 3122 corporibus
939 3035 1079 3100 discreta
1102 3038 1327 3101 consideretur
1347 3061 1439 3123 per·

309 3118 433 3210 spicue.
477 3121 520 3194 Et
543 3120 828 3204 quemadmodum
849 3113 1084 3183 recedentibus
1107 3121 1216 3220 aquis,
1252 3119 1353 3205 inque
1385 3129 1439 3188 al-

310 3217 411 3264 veum
434 3201 530 3264 suum
552 3205 705 3288 undique
727 3203 867 3267 collecte
889 3201 1087 3275 cumulatis,
1116 3205 1230 3267 ltttora
1252 3205 1306 3266 lon
1334 3226 1350 3265 e
1383 3207 1439 3272 la-

309 3299 409 3369 teque
445 3287 555 3356 nuda,
593 3284 700 3360 sicca,
737 3283 909 3372 solidaque
945 3301 1144 3370 patescunt;
1178 3287 1226 3350 ,stc
1263 3227 1437 3356 tntiabiti-

310 3383 379 3429 tato
420 3363 693 3450 corruptibilium
728 3383 840 3432 rerum
880 3369 1004 3432 mentio
1045 3360 1203 3432 contuitu
1235 3373 1274 3432 ab
1311 3369 1439 3438 incor-

198 3523 201 3537 .
308 3447 527 3534 ruptibilibus
569 3447 698 3513 naturis
735 3471 806 3515 uno
841 3451 1137 3536 contemplationis
1172 3467 1287 3517 tenore
1316 3453 1439 3552 segre-

308 3547 403 3620 gata,
438 3553 516 3595 mox
545 3531 727 3596 formarum
758 3535 1042 3609 substantialium,
1081 3551 1115 3598 et
1148 3535 1331 3620 specierum
1358 3561 1438 3606 am-

307 3613 481 3680 mutabilie
516 3615 808 3703 pulcherrimaque
843 3617 1019 3694 soliditas,
1065 3617 1101 3682 in
1139 3618 1316 3718 generibus
1352 3621 1439 3692 suia

308 3695 413 3761 animi
449 3697 624 3764 obtutibus
660 3698 793 3764 arridet.
843 3701 943 3766 Arida
978 3717 1091 3765 autem
1124 3702 1249 3767 ducitur
1276 3703 1437 3782 substan-

309 3779 440 3844 tialium
480 3782 660 3846 formarum
699 3783 891 3848 stabilitae„
926 3785 998 3849 Nec
1032 3785 1220 3862 immerito;
1260 3787 1437 3873 quoniam

242 3939 245 3944 ¹
307 3865 398 3928 nuda
433 3877 467 3951 et
514 3867 663 3929 absoluta
699 3869 742 3928 est
778 3867 929 3932 omnium
967 3868 1194 3934 accidentium
1231 3869 1438 3958 operimen-

261 3963 265 3968 '
306 3962 354 4012 to.
406 3945 526 4012 Omnia
566 3949 656 4012 enim
694 3949 819 4025 forma,
864 3967 897 4014 et
933 3951 1058 4041 speciae
1098 3953 1135 4018 in
1166 3953 1314 4052 generali
1345 3954 1434 4023 fim-

307 4028 477 4116 plicitate,
500 4053 565 4116 qua
585 4031 737 4108 subsistit,
762 4035 984 4112 considerata,
1010 4037 1236 4102 accidentium
1253 4038 1439 4107 concursu‘

307 4111 448 4179 omnino
470 4115 513 4178 esi
535 4115 657 4181 liberat
680 4138 819 4204 corpora
839 4137 936 4198 vero,
960 4120 1082 4209 quibua
1098 4119 1253 4214 subfislit,
1276 4119 1434 4193 omnino
