2866 4822
452 265 744 354 noeumane.
809 191 816 206 ι
1027 177 1151 340 ¹sss

50 449 153 530 cidit,
181 443 323 516 omnino
347 444 492 538 ignorat.
542 451 632 520 Nam
645 511 648 519 .
661 445 836 548 quiequid·
850 467 923 516 non
952 448 1054 530 ierit,
1091 450 1151 520 sua
1207 513 1209 526 ,

54 532 188 602 seientia
207 531 345 620 ponitur
366 531 514 602 alienum
535 530 589 602 est.
618 536 669 600 Μ.
692 537 746 600 De
767 537 903 600 itunae
922 551 1062 600 naturae
1080 555 1151 605 oua·

50 619 210 704 niumquo
230 613 374 704 quaein
395 615 466 714 ipsa
486 633 521 685 et
539 641 601 706 per
620 617 729 718 ipsam
747 633 782 682 et
801 619 850 682 ad.
863 613 969 703 ipsam
990 633 1025 683 et
1045 640 1084 682 ex
1100 616 1151 704 ip·

48 699 877 882 bittittitillanti?,titii
888 701 1152 870 {titillet

50 879 562 1049 &ittilttttttt‘ffttt
584 867 663 1016 liri
684 867 1153 1049 itiitli'ttiltni:

48 1029 344 1179 missili?
359 1033 626 1182 isitii-‚²3⁸
646 1023 1154 1184 littirttittmttt?

44 1117 306 1286 32¹lpbodqeum
326 1135 507 1288 pllartioipat
527 1139 738 1266 [οΙιιιξιῃωοᾶο
760 1214 933 1296 aeteruum
955 1163 1028 1267 eff’e.
1059 1197 1155 1286 Quid

46 1281 148 1374 enim⁸
163 1295 338 1378 oeternum
359 1279 422 1346 esse
443 1283 550 1370 potest
569 1297 701 1370 praeter
720 1281 849 1429 ipsum,
877 1299 912 1348 et
931 1285 1024 1382 quod
1043 1280 1081 1348 in
1101 1279 1154 1370 ip·

45 1365 81 1431 so
111 1379 147 1430 et
172 1365 213 1428 ab
242 1363 315 1450 apso
346 1363 475 1432 sactum
505 1365 574 1431 est?
604 1367 654 1432 M.
681 1367 740 1430 Ma
753 1380 850 1430 rtrum
876 1367 1155 1456 pedissequaque

46 1453 138 1530 ejus,
173 1462 317 1512 mortem
348 1447 427 1514 dico
454 1449 690 1523 emisenam,
720 1447 994 1536 diversorumque
1015 1448 1153 1514 delicto·

16 1535 22 1545 ’
45 1554 124 1596 rum
144 1551 273 1616 poenae
293 1529 506 1596 arbitrarisne
527 1554 545 1596 a
567 1535 641 1598 Deo
663 1531 786 1606 saetae,
814 1547 872 1596 aut
892 1529 1029 1596 divinae
1050 1530 1157 1596 virtu·
1246 1525 1251 1536 ’
1279 1541 1281 1544 ’

43 1614 89 1679 tia
98 1609 294 1762 Bartipipea
314 1613 402 1682 eise?
425 1617 511 1681 Nam
533 1617 626 1704 quod
641 1613 805 1714 seriptum
827 1613 890 1680 este
913 1619 1016 1714 Mero
1027 1627 1062 1714 et
1078 1616 1156 1680 uita

44 1721 68 1760 a
139 1719 247 1762 omme
275 1697 356 1762 Deo
383 1697 448 1791 est,
482 1719 553 1764 noo
576 1701 618 1764 de
638 1697 695 1761 ulla
716 1712 825 1762 morte
846 1719 911 1786 qua
930 1712 1075 1764 morrtur
1093 1699 1156 1762 bu·

42 1780 191 1846 maniter
211 1781 404 1866 peccando,
425 1801 604 1870 poenaque
623 1779 755 1868 peccati
775 1780 995 1868 subsequente
1006 1803 1068 1866 per
1083 1801 1163 1846 eor·¹

32 1861 437 2126 petroiolo
463 1943 684 2035 s
711 1862 1156 2034 inurente

58 2043 234 2096 anctorum
255 2027 340 2124 ejus.
368 2029 434 2094 boc
458 2029 502 2092 att
521 2027 688 2126 pretiosor
708 2025 1010 2115 purgatrffimaruau
1031 2029 1156 2096 anima·

40 2137 119 2180 rum
149 2109 190 2176 in
218 2108 373 2174 intimam
402 2110 554 2176 veritatra
583 2110 928 2198 contemplationem,
965 2133 1051 2198 quae
1076 2131 1157 2176 vere

38 2219 125 2264 vera
152 2191 330 2260 beatitudo
360 2191 405 2260 eil
441 2210 476 2258 et
502 2191 700 2267 aeternitas,
732 2191 903 2260 transitur.
943 2196 989 2258 Et
1008 2196 1092 2260 baec
1112 2191 1157 2260 eu

39 2301 135 2348 mora
166 2297 233 2363 qua
260 2274 415 2363 religiose
443 2274 597 2342 virenter
626 2275 776 2363 calleque
804 2279 916 2342 Deum
937 2277 1034 2342 suurn
1056 2297 1157 2365 quae·

40 2379 180 2433 rentes,
212 2359 324 2424 adbuc
343 2357 380 2424 in
401 2361 465 2424 bac
484 2357 618 2426 mortali
638 2358 710 2426 vita
730 2359 921 2436 constituti,
952 2359 1156 2437 moriuntur,

39 2449 78 2512 in
102 2441 243 2532 speculo
265 2455 300 2506 et
323 2441 398 2507 aeni
458 2457 512 2508 ate
560 2443 629 2508 uod
649 2459 816 2530 quaerunt
835 2442 1017 2530 videntea;
1045 2443 1083 2508 io
1104 2443 1156 2508 su·

41 2547 124 2595 turo
154 2545 236 2590 vero
265 2523 308 2596 in
324 2525 386 2612 ‚pri
425 2549 503 2594 nam
527 2465 662 2593 nivino
684 2525 842 2614 imagioia
863 2527 1096 2630 dignitatemr
1113 2527 1157 2592 ad

39 2600 149 2702 quam
172 2605 253 2674 sacti
273 2608 362 2685 suot,
383 2609 557 2686 reversuri,
579 2609 689 2698 ipsum
709 2610 821 2676 Deum
832 2607 934 2702 foere
954 2611 1001 2676 ad
1010 2605 1156 2699 faciem.
1213 2661 1219 2676 .

38 2709 214 2785 quantum
236 2707 406 2758 creaturae
427 2691 718 2778 comprehensibili
739 2709 773 2760 et
794 2693 903 2760 intelli
929 2692 1002 2760 'bili
1024 2694 1084 2769 saa,
1106 2692 1158 2758 iu·

39 2773 385 2862 comprehensibilem
413 2788 448 2840 et
474 2773 585 2840 intelli
611 2774 725 2842 'bilem
746 2776 901 2842 universa
915 2773 1006 2854 rtatia
1027 2775 1169 2844 causam
1275 2783 1282 2814 ⁸

36 2865 148 2949 super
170 2848 284 2920 omnia
306 2851 443 2922 exaltati
463 2855 549 2923 socie
570 2876 588 2921 a
633 2857 771 2936 faeiem,
792 2863 860 2926 boo
880 2861 924 2925 esi
939 2855 1090 2946 proxima
1107 2855 1159 2924 illi

38 2935 276 3028 theophanio,
306 2937 411 3004 visuri
440 2938 536 3042 snpra
573 2940 658 3040 beot
686 2940 734 3006 ait
760 2943 957 3028 Apostoluaa
999 2941 1159 3044 Viriemus

24 3017 1161 3206 nunt?tttttenurtntntinueritri.

39 3197 155 3262 mano
187 3189 376 3256 intellector
404 3193 539 3254 drvrnae
565 3205 719 3266 vrrtutn,
747 3212 833 3277 quae
856 3214 876 3256 a
896 3191 988 3256 nulla
1009 3205 1160 3258 creatura

26 3285 107 3368 'per
141 3273 281 3362 seipsam
309 3271 527 3370 perspicitur,
558 3271 814 3360 apparitionem.
855 3275 961 3340 Porro
988 3271 1161 3340 simalitia

39 3379 78 3428 et
101 3379 198 3426 more
222 3355 407 3421 ecmrfena
427 3369 566 3420 naturae
587 3357 671 3420 adeo
692 3357 849 3422 conditae
867 3378 1079 3456 repugnant,
1101 3377 1159 3424 uo·

37 3466 114 3532 que
150 3439 188 3506 in
218 3438 315 3506 causa
343 3437 497 3504 omnium
527 3439 633 3513 sacta,
666 3461 779 3586 nepae
807 3445 878 3522 ejua
906 3457 1073 3530 particeps
1096 3439 1158 3517 eru
1212 3475 1218 3482 ·
1271 3453 1279 3466 ·

35 3527 157 3596 miror
176 3545 243 3610 qua
262 3518 394 3588 ratione
417 3519 580 3586 deliberat
601 3535 635 3585 et
652 3525 715 3588 bae
741 3539 800 3598 toa,
822 3521 985 3590 malitiam
1002 3537 1159 3590 mortem·

64 3631 115 3675 ue
139 3622 356 3672 aeternorum
377 3619 622 3676 tormentorum
642 3603 679 3669 in
700 3606 910 3672 humanitate
930 3628 1030 3696 quam
1051 3621 1159 3672 totam
1215 3659 1223 3686 ,

79 3691 115 3758 ei
148 3692 291 3754 verbum
322 3687 360 3752 io
387 3682 494 3774 seipso
522 3687 716 3774 assumptam
737 3688 914 3776 liberavit,
948 3689 1160 3756 aeternaliter

36 3773 319 3865 permansuram
355 3791 433 3836 cum
454 3791 533 3836 vera
553 3769 639 3836 ratio
662 3773 782 3838 doceat
800 3773 933 3838 nullum
955 3771 1162 3840 contrarium

40 3855 193 3926 divinae
223 3853 371 3921 bonitati
400 3853 490 3920 vitae
513 3875 558 3920 ue
586 3874 625 3918 ao
646 3853 851 3922 beatitudini
871 3855 962 3944 posse
985 3857 1048 3922 esse
1067 3875 1162 3924 coae-

36 3961 199 4008 ternum.
249 3936 376 4004 Divina
398 3875 574 4024 ¹siquibeua
612 3937 748 4002 bonitas
782 3939 956 4004 consumet
985 3939 1159 4012 malitiam.

38 4039 190 4092 aeterna
210 4017 280 4086 vita
300 4021 460 4086 absorbet.
471 4036 634 4107 mortem,
656 4019 832 4088 beatitudo
851 4021 1029 4090 miseriam.
1051 4017 1162 4106 Scrip-

38 4125 129 4172 tum
153 4101 197 4166 esl
215 4101 324 4180 enim;
357 4107 427 4172 Ero
446 4125 532 4170 mors
552 4118 630 4178 nau,
657 4126 678 4169 o
699 4128 800 4180 mors,
822 4117 857 4170 et
876 4103 1000 4256 orolrjus
1018 4118 1114 4178 tum,
1138 4124 1159 4166 o

39 4179 206 4281 uestrum
228 4185 290 4252 ulfi
311 4187 398 4254 sorte
419 4189 530 4257 adbuc
551 4183 900 4277 ambigiaDomioum
940 4189 1030 4256 esum
1044 4191 1158 4256 huma·

1354 4205 1368 4242 b
