3038 4828
282 259 384 345 '276
638 271 693 342 sle
712 272 893 344 buteone
912 271 1085 346 Nostrae.

307 479 434 526 tonum
446 456 657 546 Philosophi,
676 461 744 544 hoc
765 458 818 534 eli,
840 458 858 523 s
879 457 985 524 atium
1006 479 1084 525 eum
1101 445 1420 545 rationabili'quan-

232 549 235 558 “
306 547 404 614 titate
422 559 558 608 vocant.
601 545 744 610 Duobus
764 481 927 630 liquidem
946 541 1057 608 modis
1078 535 1435 608 harmoniaer'ooum.

305 627 408 720 periti
429 641 530 692 tonos
551 625 681 692 dicunt.
723 627 810 691 Nam
833 641 868 690 et
889 625 1098 702 diastemata,
1114 629 1199 698 *boe
1220 625 1282 701 est,
1320 624 1421 689 sono·

304 737 382 803 qmn
402 709 600 785 intervalla,
628 727 663 776 et
684 709 871 799 analogias,
902 713 970 775 boc
991 711 1051 788 est,
1088 731 1205 774 eorum
1225 707 1419 798 proportio·

304 811 486 864 nestorios
508 796 689 882 appellant.
726 796 901 880 Quaedam
924 793 1065 860 veroin
1085 792 1200 860 medio
1220 790 1353 867 mundi,
1376 804 1420 856 ut
1494 837 1499 842 -

306 883 386 957 Sol,
408 899 595 966 omnesque
612 881 786 966 planetae,
811 876 869 965 qui
889 877 978 943 circa
995 899 1071 942 eum
1083 880 1291 942 volvuntur:
1339 895 1420 939 uae·

306 963 434 1032 damin
450 961 675 1050 superioribus
688 961 809 1028 mundi
819 965 982 1046 partibus,
996 977 1037 1024 ut
1046 959 1121 1026 fixis
1135 961 1326 1048 allrorume
1351 957 1416 1022 ori.

259 1044 265 1062 “
367 1058 419 1129 54.
440 1049 483 1112 D.
506 1049 559 1110 De
579 1043 732 1121 circulis,
756 1048 865 1132 deque
885 1043 1070 1110 interstitiis
1092 1043 1301 1120 coelestium,
1331 1039 1421 1106 luei-

307 1130 583 1217 dilllmorumque,
606 1147 787 1217 corpomm
814 1128 1012 1215 multiplex,
1044 1128 1205 1215 variaque
1225 1123 1417 1214 sapientum

304 1213 427 1281 mundi
448 1211 586 1300 opinio,
614 1216 713 1278 etad
733 1214 862 1278 nullam
883 1223 1008 1276 certam
1017 1211 1216 1287 rationem,
1250 1225 1419 1298 quantum

144 1359 149 1374 ,
269 1333 284 1358 a
304 1297 391 1365 mihi
408 1295 563 1370 videtur,
589 1297 744 1364 deducta.
786 1299 934 1382 Ideoque
955 1296 1096 1394 quaeso,
1128 1291 1259 1392 fiqnid
1281 1298 1323 1359 de
1343 1291 1420 1368 nli,

262 1431 266 1442 ,
303 1383 368 1449 bus
395 1378 592 1456 verisimile,
631 1397 689 1444 aut
715 1378 842 1446 rationi
869 1399 1096 1455 conveniens,
1131 1377 1196 1442 tibi
1222 1377 1331 1444 visum
1359 1375 1416 1452 est,

305 1486 323 1530 e
368 1463 482 1528 lanare
514 1485 585 1528 non
608 1463 750 1530 differas.
792 1465 841 1526 M.
865 1465 902 1526 In
925 1465 1066 1548 longum
1087 1483 1152 1526 nos
1174 1458 1301 1536 mittis,
1338 1481 1419 1525 cum
1508 1509 1509 1520 ,

303 1547 340 1614 ri
366 1569 419 1612 eas
449 1549 493 1612 ad
511 1545 658 1634 reliqua,
690 1569 776 1634 quae
799 1549 840 1611 de
861 1547 1019 1630 operibus
1042 1545 1097 1613 sex
1118 1544 1249 1610 dierum
1271 1542 1417 1610 dicenda

113 1682 119 1692 .
209 1624 214 1642 '
304 1633 402 1730 [ιιιῃε
421 1629 537 1716 potius
557 1633 818 1728 properandum.
862 1631 972 1708 liujus
995 1649 1131 1716 quoque
1146 1628 1225 1692 libri
1241 1625 1418 1714 prolixitas

303 1721 488 1780 teimmum
517 1729 644 1800 exigat,
675 1711 870 1800 praesertim
901 1715 982 1776 dum
1014 1711 1072 1776 tix
1094 1710 1299 1788 dotalibus,
1330 1729 1421 1796 quae

303 1819 399 1864 nuno
420 1793 546 1882 exigis,
573 1798 642 1860 ulla
664 1795 782 1882 opinio
803 1794 995 1867 strattone
1017 1793 1175 1868 subnixa,
1206 1795 1261 1858 vel
1283 1795 1322 1858 ab
1343 1794 1419 1857 ullo

302 1879 586 1964 Philosophorum
608 1877 765 1954 definita,
796 1899 868 1944 non
891 1881 983 1964 quod
1004 1875 1073 1951 illi,
1104 1891 1145 1940 ut
1164 1875 1323 1952 arbitror,
1343 1897 1419 1940 non

243 1987 244 1990 ¹
303 1959 551 2028 intellexerint:
587 1961 738 2049 alioquin
768 1979 840 2026 non
872 1977 963 2025 reete
982 1957 1115 2043 Phylici
1136 1975 1195 2024 aut
1216 1957 1417 2044 Philosophi

303 2045 570 2134 appellarentur:
593 2045 649 2110 sed
670 2047 763 2130 quod
782 2045 897 2110 nullus
917 2043 1071 2117 illorum,
1094 2063 1178 2130 quoa
1202 2045 1312 2108 adhue
1331 2042 1417 2130 legi-

270 2118 272 2150 *
302 2149 397 2206 mus,
429 2149 515 2215 pure
542 2141 577 2191 et
603 2126 838 2192 indubitanter
861 2129 988 2196 horum
1008 2125 1156 2191 rationes
1178 2125 1255 2190 satis
1276 2127 1420 2190 reddere

301 2212 468 2278 videatur.
509 2211 735 2276 Veruntamen
766 2231 807 2274 ex
840 2209 894 2273 his
923 2231 1008 2294 quae
1038 2207 1099 2294 ipss
1128 2209 1259 2294 sparfim
1281 2209 1421 2308 scripse·
1508 2231 1509 2234 ’

178 2319 181 2327 ’
206 2279 209 2290 ,
301 2309 401 2369 runt,
437 2291 606 2379 certisque
634 2291 1001 2380 argumentationibus,
1039 2314 1151 2356 rerum
1183 2307 1417 2380 experimento

302 2378 595 2464 approbaverunt,
618 2379 659 2440 de
682 2370 809 2440 telluris
830 2377 998 2474 lunaeque
1018 2373 1219 2452 interstitiis,
1252 2375 1415 2464 quiddam

302 2457 481 2525 verisimile
502 2457 566 2526 tibi
587 2457 722 2544 aperire
737 2481 809 2523 non
830 2481 991 2544 negarim.
1027 2463 1159 2524 Lunam
1174 2480 1319 2548 namque
1336 2479 1417 2524 een-

269 2573 274 2582 ·
303 2540 524 2638 tumviginti
545 2541 600 2604 sex
619 2541 768 2605 millibus
789 2541 968 2607 stadiorum
992 2563 1010 2606 a
1032 2559 1118 2607 terra
1140 2541 1276 2619 distare,
1299 2563 1338 2606 ex
1362 2541 1417 2630 ip·

303 2627 368 2691 lius
389 2625 516 2712 eclipsi,
542 2625 667 2712 absque
687 2627 763 2688 ullo.
780 2645 907 2703 errore,
932 2627 1138 2712 exploratum
1161 2627 1225 2692 ast:
1260 2628 1416 2692 umbram

302 2707 466 2796 fiquidem
487 2721 616 2782 terrae,
651 2727 750 2794 quam
773 2723 908 2774 noctem
930 2713 1074 2786 vocant,
1109 2710 1273 2775 circulum
1294 2713 1417 2774 Lunae

304 2791 489 2878 attingere,
522 2787 593 2876 ipsa
623 2790 739 2888 prodit
758 2807 888 2856 natura.
933 2795 1060 2857 Globus
1085 2793 1176 2857 enim
1198 2794 1288 2860 illius
1311 2793 1414 2858 detri-

302 2891 457 2942 mentum
477 2861 555 2937 suae
574 2876 659 2939 lucta
681 2895 751 2938 non
773 2891 958 2961 pateretur;
991 2877 1014 2940 fi
1036 2876 1132 2944 solari
1152 2877 1265 2954 radio,
1303 2875 1339 2940 in
1359 2899 1415 2940 re·

220 3009 227 3015 .
328 2957 440 3023 'onem
471 2959 610 3022 umbrae
641 2955 815 3033 incidens,
846 2980 917 3024 non
939 2959 1138 3045 privaretur.
1180 2964 1228 3026 Ae
1248 2982 1309 3047 per
1331 2962 1412 3036 hoc,

302 2979 469 3107 stibtracta
491 3039 585 3106 omni
607 3041 848 3126 ambiguitate,
884 3041 1081 3118 conficitur,
1116 3058 1210 3107 tanto
1232 3041 1337 3132 spatio
1358 3043 1413 3106 lu·

305 3145 383 3192 nam
414 3146 437 3192 a
461 3139 548 3188 terra
579 3125 747 3212 elongari,
763 3141 905 3211 quanto
927 3125 1103 3189 intervallo
1124 3126 1235 3191 noctis
1257 3127 1412 3190 umbram

113 3207 117 3214 “
253 3229 261 3244 ’
302 3207 388 3274 ratio
422 3210 523 3273 docet
552 3209 721 3292 protendi.
762 3207 982 3274 Protenditur
1011 3225 1123 3273 autem
1152 3209 1265 3274 noctis
1291 3211 1413 3272 umbra

300 3291 798 3439 ltlhlldtittsstllff
807 3293 1354 3462 allttfflltltlttttt
1355 3309 1414 3439 '1²13
1508 3345 1509 3354 ‘

303 3456 364 3522 tio.
394 3457 473 3542 Quo
494 3471 606 3543 autem
629 3473 827 3544 argumento
849 3473 986 3524 centum
1009 3458 1134 3546 viginti
1156 3461 1210 3524 sex
1230 3459 1416 3526 stadiorum

301 3537 408 3604 mallia
428 3539 544 3604 lunam
566 3561 584 3603 a
607 3555 693 3605 terra
714 3541 839 3616 distare,
862 3541 1095 3606 indubitanter
1109 3542 1285 3630 approbari
1297 3539 1412 3629 pofflt,

303 3620 362 3689 dili
389 3621 528 3687 entioris
548 3622 775 3713 inquisitionis
794 3623 867 3689 indi
894 3641 938 3690 et.
980 3629 1025 3690 D.
1048 3627 1153 3692 Plane
1175 3629 1285 3691 adhuc
1306 3623 1416 3703 enim,

303 3707 346 3770 de
365 3645 436 3771 irae
462 3707 671 3792 quaestione,
700 3709 794 3772 nulla
827 3731 874 3773 mr
900 3707 1018 3774 iratio
1041 3708 1246 3776 satisfaciens
1270 3709 1414 3778 refulsit.

301 3791 353 3854 Μ.
381 3793 536 3854 Intentus
557 3789 604 3854 ita
629 3813 671 3854 ue
691 3791 844 3880 perspice
865 3791 1056 3878 quaemihi
1079 3793 1268 3858 verisimilia
1291 3795 1332 3858 de
1353 3793 1413 3858 his

301 3871 462 3966 videntur
494 3895 514 3936 a
543 3813 756 3962 Phiiolophis
774 3874 929 3942 inventa.
974 3878 1024 3939 Ex
1093 3875 1250 3942 amonica
1269 3875 1412 3964 quippe,
1508 3947 1509 3972 ¹

162 4015 183 4032 ,
301 3957 369 4020 hoe
388 3955 455 4030 est„
474 3957 592 4024 hotolo
617 3956 706 4022 icas
729 3957 941 4034 oculatione,
963 3980 1042 4046 prae
1068 3960 1174 4026 ictum
1194 3959 1349 4046 spatium,
1375 3976 1413 4024 et
1508 3977 1509 3980 ’

301 4037 485 4125 quaesitum
505 4040 563 4104 sub
585 4039 671 4106 'iter
692 3983 731 4108 ai
754 4041 796 4106 iis
818 4041 879 4116 esl,
903 4059 937 4106 et
958 4043 1167 4139 absqueulla
1187 4041 1411 4130 ambiguitate

299 4137 480 4271 repertum.
525 4125 681 4269 (puerum
711 4123 932 4202 doctissimus,
965 4148 1002 4190 m
1024 4126 1351 4192 omni·Geometrica
1375 4141 1418 4191 et

301 4208 328 4275 t
370 4205 502 4291 ologica

330 4357 338 4396 l

552 4207 801 4294 opputatione,
845 4209 1077 4278 Eratosthenes
1118 4209 1262 4278 traditur
1302 4207 1419 4276 tutus.
1508 4251 1509 4266 κ
