2866 4822
299 229 379 306 496
435 285 446 310 .
527 226 1080 331 „flammatum

299 415 462 487 Diabolnt
484 413 619 482 dieitur.
661 414 772 482 Potest
791 412 894 482 etiam
913 409 1062 504 intelligi
1082 415 1126 480 cle
1144 419 1244 482 niteo
1265 435 1407 505 corpore

239 497 242 507 ’
299 503 393 588 quod
424 499 531 568 cimil
559 499 819 596 superadditum.
860 501 906 564 Et
927 501 1020 586 quod
1041 519 1113 564 non
1133 498 1172 564 in
1192 501 1294 566 omni
1314 503 1408 568 ratio

298 583 368 650 nali
388 598 536 649 ereatura
557 603 646 646 mora
667 584 870 668 aculeusque
890 586 979 662 ejus,
1013 595 1191 668 peccatum
1215 581 1316 658 dico,
1343 606 1407 652 om·

298 667 420 756 niaque
429 665 556 732 malitia
565 663 742 731 interitura
752 666 810 742 iit;
824 665 1026 752 ledinparte
1036 663 1408 737 creaturaeinterimen·

302 767 368 826 tur.
386 750 796 836 inpartepermanebuntz
817 747 898 813 audi
905 771 1064 835 magnum
1073 747 1258 836 Origenem
1270 749 1408 838 diligen·

299 833 457 911 tiffimum
482 853 594 898 rerum
609 830 839 918 inquisitorem
856 830 894 896 in
913 831 1014 902 tertio
1028 831 1115 901 libro
1134 827 1208 924 περὶ
1224 837 1360 924 Δρχῶν
1374 839 1407 900 de

302 913 856 992 consummationemundi,hocest
865 915 1162 992 desummobono‚
1176 917 1220 981 ad
1232 921 1334 1004 quod
1342 919 1406 984 uni·

298 1001 391 1066 versa
410 997 619 1066 rationabilia
641 1013 760 1062 natura
779 996 930 1075 festinat,
963 1013 1004 1062 ut
1024 1001 1116 1063 Deua
1139 999 1256 1064 omnia
1278 1001 1319 1068 in
1344 1023 1404 1068 ona

200 1161 204 1166 ¹
298 1083 399 1150 nibus
419 1083 477 1159 fin
509 1103 580 1160 non
602 1079 694 1146 enim
716 1080 781 1146 alia
804 1079 1048 1147 consummatio
1069 1082 1190 1148 mundi
1212 1083 1257 1147 ell
1278 1103 1405 1172 praeter

297 1173 412 1234 Deum
440 1163 554 1240 omnia
575 1163 612 1230 in
634 1163 791 1230 omnibus
813 1165 885 1229 elle.
926 1167 1051 1252 „Quae
1070 1164 1137 1234 lint
1156 1187 1256 1254 ergo.
1291 1171 1403 1256 inquit.

298 1251 357 1316 illa
378 1249 493 1315 omnia
514 1251 713 1336 quaetDe'ua
733 1244 867 1330 intuma
887 1247 928 1312 fit
947 1247 985 1314 in
1005 1247 1164 1314 omnibuo
1183 1248 1401 1348 requiramus

297 1337 343 1400 Et
364 1353 432 1422 ego
466 1331 603 1480 {uidem
634 1329 776 1410 arbitror
797 1330 875 1416 quia
896 1332 962 1396 hoc
984 1333 1075 1430 quod
1095 1329 1133 1396 in
1154 1335 1318 1418 omnibuo
1341 1357 1402 1400 otu·

297 1417 356 1484 nia
384 1415 446 1482 elle
498 1413 600 1480 icitur
627 1417 737 1490 Deua,
769 1413 935 1502 fignificet
964 1429 1065 1482 otram
1095 1413 1132 1480 in
1166 1417 1308 1504 lingulis
1334 1442 1402 1484 eun

194 1539 197 1555 .
299 1497 415 1568 omnia
446 1499 519 1564 elle.
562 1497 802 1594 Perfingulot
834 1513 945 1562 autem
977 1497 1092 1562 omnia
1112 1497 1177 1564 erit
1195 1501 1265 1566 hoc
1286 1507 1401 1568 modo:

297 1601 338 1650 ut
365 1581 528 1671 quioquid
555 1579 764 1646 rationabilis
791 1601 888 1646 mena
919 1597 1099 1730 expuriata
1126 1581 1401 1666 omniyitiorum

215 1689 218 1696 ·
298 1669 392 1734 faece
428 1682 528 1764 atque
550 1661 801 1750 omni-penitus
824 1663 959 1728 abstersa
979 1686 1026 1728 nu
1051 1686 1070 1728 e
1090 1663 1240 1732 malitiae
1259 1669 1317 1734 val
1340 1671 1401 1734 len·

16 1759 22 1768 ·
143 1715 144 1720 ἵ
180 1819 183 1825 ¹
298 1751 363 1815 tire
390 1741 443 1812 vil
474 1745 663 1831 intelligere
690 1747 744 1810 vel
775 1745 924 1834 cogitare
946 1746 1069 1832 pomi,
1099 1747 1213 1814 omniu
1234 1753 1333 1816 Delu
1354 1753 1401 1826 fill

297 1854 364 1900 neo
387 1833 473 1896 ultra
494 1835 560 1908 iam
583 1827 710 1915 aliquid
732 1827 824 1892 aliud
846 1826 906 1893 nili
929 1831 1040 1916 Deum
1060 1829 1193 1906 videat,
1223 1833 1341 1898 Deum
1364 1852 1401 1900 te

297 1930 396 1993 neat,
431 1913 540 1979 omnio
570 1927 682 1976 motus
711 1911 762 1974 lui
791 1915 884 1978 Deua
905 1915 1026 1978 modus
1048 1928 1082 1978 et
1102 1913 1257 1980 mensura
1279 1917 1320 1981 lit
1330 1939 1341 1993 ;
1374 1935 1402 1982 et

256 2005 263 2018 “
299 1997 348 2064 ita
371 1995 435 2064 erit
455 1995 569 2062 omnia
591 1997 695 2058 Deua.
747 1995 824 2062 Non
848 1992 938 2058 enim
959 1999 1026 2075 jam
1047 1997 1135 2070 ultra
1153 1995 1234 2062 mali
1256 1999 1403 2087 bonique

298 2079 473 2167 diaeretio,
501 2077 579 2166 quia
603 2098 770 2164 nunquam
796 2077 932 2143 malum.
976 2077 1100 2144 Omnia
1128 2079 1220 2146 enim
1251 2081 1286 2146 ei
1313 2087 1400 2149 Deua

298 2165 359 2240 est,
394 2162 450 2230 cui
477 2166 543 2243 jam
572 2181 643 2226 non
672 2163 802 2240 adiacet
827 2161 972 2226 malum:
1003 2183 1069 2226 nec
1097 2161 1184 2226 ultra
1216 2183 1258 2228 eu
1288 2169 1400 2234 arbore

296 2246 425 2316 lelandi
447 2249 575 2312 bonum
596 2259 631 2308 et
650 2245 775 2310 malum
798 2245 897 2308 edere
919 2243 1157 2332 concupiscet,
1180 2245 1259 2332 quia
1275 2247 1400 2338 semper

296 2331 335 2398 in
367 2333 459 2395 bono
488 2329 548 2406 eli,
578 2341 619 2392 et
640 2325 697 2390 cui
726 2325 841 2400 omnia
869 2329 961 2392 Deua
983 2327 1036 2392 ell
1078 2326 1113 2392 Si
1134 2325 1239 2414 iffl'tur
1261 2329 1345 2397 linia
1366 2337 1400 2399 ad

321 2411 505 2500 nneipium
534 2424 705 2498 reparatur
733 2424 768 2474 et
801 2431 913 2474 rerum
934 2409 1042 2474 exitur
1064 2411 1204 2476 collatur
1224 2412 1339 2480 initiis
1358 2439 1400 2482 re·

295 2438 411 2564 Kituet
429 2493 526 2560 illum
547 2493 684 2570 ilatum,
713 2513 814 2591 quem
836 2507 920 2558 tunc
940 2491 1059 2558 habuit
1079 2509 1198 2558 natura
1218 2496 1398 2565 rationabi

183 2629 186 2640 .
297 2577 360 2656 lia,
391 2599 469 2646 cnut
499 2580 541 2642 de
570 2576 664 2662 ligno
686 2575 813 2640 ferendi
833 2577 961 2643 bonum
983 2579 1081 2642 edere
1101 2598 1173 2642 nou
1195 2581 1338 2666 egebat,
1366 2600 1400 2648 nt

296 2677 410 2728 amoto
441 2659 536 2727 omni
563 2657 712 2724 malitiae
740 2659 852 2736 sensu,
884 2675 918 2726 et
946 2661 987 2724 ad
1014 2660 1178 2726 fincerum
1209 2684 1398 2752 purumque

297 2745 447 2822 deterso,
469 2745 556 2810 soluo
577 2741 635 2831 qui
657 2742 703 2806 est
722 2763 811 2808 unua
831 2745 923 2809 Deua
946 2745 1056 2808 bouus
1068 2742 1128 2808 hic
1142 2742 1175 2808 ei
1189 2743 1248 2809 liat
1273 2749 1397 2824 omnia,

297 2845 333 2894 et
358 2849 428 2894 non
456 2825 493 2892 in
511 2825 639 2974 §aucis
656 2825 831 2925 'aliquibua
851 2828 905 2890 vel
927 2825 1098 2914 pluribus.
1131 2825 1190 2892 led
1210 2841 1251 2890 nt
1272 2829 1313 2895 in
1336 2853 1400 2897 om·

295 2911 397 2978 nibna
420 2911 490 2998 iple
572 2931 709 2984 omma5
727 2929 805 2976 com
825 2931 991 2996 nunquam
1009 2931 1120 2988 more,
1139 2921 1309 2998 nusquam
1326 2937 1399 2981 acu·

294 2995 369 3062 leue
396 2991 534 3069 mortio.
565 3014 730 3080 nusquam
760 2990 900 3060 omnino
929 2995 1072 3070 malum
1103 3008 1187 3058 tunc
1207 3015 1290 3061 vere
1308 3001 1399 3064 Denr

159 3092 164 3108 '
296 3075 413 3146 omnia
444 3077 481 3142 in
516 3075 673 3142 omnibus
702 3074 776 3140 erit.
818 3079 939 3140 Verum
968 3075 1060 3142 istam
1086 3075 1335 3163 perfectionem
1364 3101 1398 3146 ac

294 3159 542 3228 beatitudinem
562 3156 814 3224 rationabilium
833 3173 1026 3224 naturarum
1048 3158 1095 3223 ita
1111 3163 1245 3228 demum
1261 3164 1398 3250 quidam

294 3264 490 3333 permanere
510 3241 546 3306 in
568 3263 609 3308 eo
629 3241 729 3316 statu,
753 3262 820 3328 quo
841 3243 939 3328 supra
959 3240 1103 3308 diximus
1123 3258 1266 3329 putant;
1294 3245 1336 3312 id
1358 3248 1398 3313 eli

294 3343 335 3392 nt
354 3331 466 3394 Deum
487 3323 601 3390 omnia
620 3327 784 3410 lrabean't,
809 3339 844 3389 et
862 3327 955 3389 Deua
977 3325 1025 3390 eia
1045 3327 1086 3392 fit
1106 3327 1242 3406 omnia;
1281 3329 1306 3394 sr
1327 3332 1400 3394 nul·

293 3413 428 3476 latenua
450 3429 504 3473 eat
525 3405 663 3472 societaa
683 3407 1001 3506 naturae-corporali
1015 3411 1202 3474 admoveat.
1234 3411 1399 3500 Alioquin

294 3493 466 3558 aestimarit
487 3489 626 3578 gloriam
648 3489 794 3554 summae
814 3489 1034 3556 beatitudinis
1055 3491 1229 3580 impediri,
1251 3493 1398 3564 fimare·

293 3575 385 3641 rialia
405 3571 601 3640 substantiae
621 3571 835 3638 interseratur
855 3573 1027 3640 admixtio.
1055 3579 1107 3640 De
1126 3597 1193 3662 qua
1208 3597 1245 3640 re
1260 3579 1399 3665 plenius

293 3681 314 3724 a
333 3655 451 3735 nobie,
487 3656 625 3745 quaein
647 3655 872 3743 superioribus
894 3678 1067 3728 occurrere
1086 3674 1291 3746 potuerunt,
1325 3686 1399 3752 pen

294 3756 433 3806 tractata
459 3756 559 3827 atque
588 3739 709 3828 digesta
739 3739 836 3818 lunt,
864 3763 959 3806 nunc
977 3763 1058 3808 vero
1080 3741 1241 3830 quoniam
1260 3747 1400 3833 Apollo-

292 3827 364 3890 lum
396 3825 540 3890 Paulum
567 3823 777 3888 mentionem
797 3825 814 3888 l
836 3823 977 3889 iritualio
998 3823 1147 3912 corporis
1166 3825 1278 3892 feeiffe
1300 3829 1399 3896 inve·

292 3905 606 4076 iiissiiio’dtiuiiriiiit
627 3905 1303 4078 etioalrrnumigsereselngissggbeaguglnauuge
1318 3929 1398 4060 etim·

292 4075 405 4140 lenlue
430 4071 539 4158 noller
568 4013 687 4160 capelle
732 4074 829 4150 otall,
862 4012 1055 4161 qiaalitatem
1076 4073 1257 4162 spiritualia
1279 4017 1397 4167 corpgoo·

292 4158 339 4226 ria
362 4159 462 4228 talem
483 4161 649 4245 quandam
673 4179 691 4222 e
717 4155 936 4236 elentimuo,
958 4157 994 4224 in
1016 4178 1084 4246 quo
1108 4156 1264 4238 habiture¹
1277 4163 1394 4246 deceat

693 4493 702 4540 l
