3038 4832
239 191 356 276 'tto
616 137 1071 270 uenenariorum.

282 369 480 474 perturbor.
500 379 560 448 tet
582 379 707 469 magio,
730 396 765 447 et
783 379 907 448 merito
928 381 972 448 de
992 377 1199 446 obscuritate
1214 375 1416 466 praesentis

283 461 485 556 quaestionis
505 485 662 542 moveort
686 469 825 564 ejusque
846 463 1051 530 solutionem
1074 463 1208 529 facilem
1233 461 1309 528 lieri
1329 481 1416 528 non

284 550 418 640 opinor.
462 550 512 613 M.
547 551 737 615 Redeamus
759 566 875 636 rtaque
897 551 939 614 ad
960 571 999 612 ea
1021 547 1164 635 quaein
1186 545 1292 634 priori
1312 545 1415 610 libro

284 633 376 700 inter
406 634 485 698 nos'
502 629 643 698 diaculla
674 645 709 696 et
729 634 771 697 ad
791 655 915 720 purum
938 632 988 710 (ni
1010 632 1123 706 fallor)
1146 633 1291 696 deducta
1313 629 1416 694 lunt.

285 722 331 786 D.
365 717 462 803 Quae
489 715 569 780 lunt
593 716 652 780 illa
681 717 880 791 admoneas,
934 717 1045 781 uaeso.
1088 715 1137 780 M.
1159 713 1418 780 Recordsriene

285 799 376 868 iuter
393 821 467 898 'nos
494 803 538 866 ad
566 797 736 886 liquidum
765 737 964 875 conseditie,
997 801 1126 868 nullam
1159 796 1418 885 categoriarum

287 887 426 953 denario
457 902 600 950 numero
630 881 865 948 conclusarum
897 885 939 947 de
961 882 1079 948 divina
1099 882 1311 948 natura.ullo
1331 901 1430 946 mo·.

289 971 335 1036 do
355 966 493 1055 p'roprie
512 964 701 1056 praedicari
720 967 823 1054 poffe.
865 971 910 1032 D.
941 967 1031 1031 Illud
1052 966 1248 1032 inconculle
1269 979 1304 1028 et
1324 985 1418 1029 con·

285 1051 410 1120 cellum
440 1049 484 1115 est
510 1067 546 1117 et
572 1049 765 1116 stabilitum.
809 1049 858 1116 Μ.
887 1052 966 1116 Non
993 1049 1004 1113 i
1031 1049 1099 1114 'tur
1128 1066 1198 1114 tarn
1227 1047 1414 1124 laboriose,

287 1150 328 1200 ut
349 1131 518 1211 aestimas,
547 1133 585 1198 in
606 1135 707 1214 buius
728 1131 929 1220 quaestionis
952 1131 986 1197 di
1025 1133 1150 1198 cultate
1172 1133 1333 1198 solvenda
1356 1131 1418 1194 su·

288 1215 460 1296 dabimus,
488 1217 514 1282 fi
540 1215 666 1306 prioris
699 1215 779 1281 libri
799 1231 886 1280 ratas
909 1217 1141 1282 conclufiones
1163 1231 1261 1281 acute
1281 1212 1417 1312 perspi·

232 1337 257 1372 ¹,
287 1299 428 1368 ciamus.
468 1301 605 1367 Illarum
625 1298 790 1400 liquidem
812 1298 944 1364 subtilis
967 1321 1006 1366 ac
1025 1299 1104 1386 perl
1126 1299 1200 1364 icax
1219 1297 1351 1363 utilrtas
1370 1297 1414 1361 in

211 1447 221 1460 ,
287 1387 357 1452 hoc
390 1386 469 1450 loto
501 1385 769 1472 pulchernmum
801 1383 970 1459 fructum,
1011 1323 1219 1447 utililimum
1244 1403 1289 1460 ue
1320 1381 1416 1446 ferre

286 1465 564 1536 manifestabitur.
593 1471 650 1532 D.
684 1469 788 1532 Valde
818 1465 882 1534 erit
908 1467 1147 1542 necellariuru,
1177 1405 1268 1530 liic
1291 1462 1415 1530 irretit.

236 1565 239 1572 '
287 1553 338 1619 M.
357 1551 572 1639 Eritplanet
607 1549 694 1648 ipsas
715 1547 831 1648 itaque
852 1549 1036 1694 categorias
1056 1549 1206 1646 breviter
1224 1546 1262 1612 in
1282 1568 1418 1612 memo-

288 1634 374 1704 riam
410 1653 570 1701 revocare
607 1647 882 1699 ratiocinationis
935 1633 1019 1696 eries
1049 1635 1186 1696 videtur
1217 1649 1415 1718 exposcere.

289 1715 432 1784 D-Mia
453 1714 683 1804 inquifitionis
703 1714 759 1779 vis
782 1735 854 1780 non
876 1713 1011 1779 arridet.
1049 1717 1208 1779 Attamen
1225 1713 1419 1812 interroga·

289 1799 362 1867 tire
386 1821 439 1864 eas
459 1799 680 1886 recapitules,
702 1796 820 1862 velint.
864 1799 912 1866 M.
936 1803 1091 1862 Intentus
1112 1798 1227 1884 itaque
1248 1799 1342 1862 hunc
1359 1819 1416 1862 ru·

288 1881 485 1970 tetrogtudi
506 1879 662 1948 ordinem
682 1879 827 1945 intuere.
872 1880 983 1965 Quid,
1013 1897 1193 1967 quantum,
1223 1879 1342 1966 quale,
1368 1881 1418 1945 ati
1497 1882 1512 1922 *=

291 1967 397 2056 quid,
420 1986 489 2054 quo
511 1965 590 2040 fito,
612 1983 681 2054 quo
701 1963 841 2041 babitu,
862 1963 996 2038 locine,
1019 1963 1243 2052 temporisne,
1274 1961 1344 2050 agit
1367 1984 1416 2028 an

289 2049 429 2140 patitur.
472 2053 559 2114 Item
578 2049 603 2112 fi
622 2047 675 2112 'vis
698 2049 835 2112 Graece.
880 2043 943 2125 Ti,
966 2043 1090 2124 πόσον,
1113 2041 1230 2125 ποιὸν,
1255 2043 1341 2138 πρός
1360 2069 1412 2124 τι,

272 2133 443 2210 orsisius,
476 2125 544 2224 tipo
573 2126 716 2220 ἔχεθαι,
748 2123 815 2222 ἄρα
843 2153 923 2207 not,
953 2128 1054 2208 πότε,
1075 2153 1117 2198 ’τι
1147 2127 1305 2222 πράττει,
1342 2123 1415 2221 ἄρα

220 2245 223 2250 ’
293 2211 316 2308 ἥ
340 2212 488 2306 πᾶςχει;
516 2219 640 2280 horum
661 2213 777 2300 itaque
795 2217 837 2278 tie
860 2219 934 2279 Deo
955 2217 1089 2278 nullum
1110 2214 1248 2301 proprie
1268 2215 1415 2280 interro·

277 2311 278 2318 ’
292 2315 401 2390 gatur,
410 2298 631 2387 quianullum
640 2300 762 2362 borum
773 2295 811 2360 in
821 2295 904 2382 ipso,
914 2320 978 2376 nec
991 2300 1049 2362 ale
1058 2297 1141 2384 iplo,
1152 2319 1217 2363 nco
1226 2300 1266 2364 ab
1279 2297 1345 2362 alio
1357 2297 1411 2362 in·

225 2419 227 2422 ·
292 2381 468 2469 telligitur.
491 2383 584 2445 ilaec
598 2379 724 2444 etenim
740 2379 778 2444 in
786 2378 851 2455 his,
871 2403 957 2466 quae
976 2383 1034 2444 lub
1048 2379 1260 2448 intellectum
1269 2381 1327 2445 seu
1337 2380 1415 2445 len·
1453 2408 1466 2423 ·

292 2463 368 2532 sum
389 2486 428 2531 ca
454 2485 508 2528 ere
528 2465 734 2550 probantur,
755 2463 893 2548 proprie
914 2465 1114 2530 confiderari
1136 2467 1282 2552 poliunt.
1316 2463 1414 2550 Quid

164 2621 168 2632 ¹
294 2547 433 2614 enimsi
468 2545 714 2633 nterrogaveris
736 2549 778 2610 de
799 2549 890 2622 Deo,
920 2547 1003 2634 quid
1022 2549 1080 2623 lit,
1103 2569 1221 2614 nonne
1242 2551 1416 2636 quandam

293 2629 467 2782 propriam
488 2629 702 2696 substantiam
725 2627 904 2694 diffinitam
925 2631 1082 2719 quaeris?
1105 2647 1140 2696 et
1161 2631 1260 2719 liquis
1273 2633 1326 2697 rel
1348 2653 1413 2696 on·

185 2785 195 2805 p
320 2730 386 2796 ent
410 2714 554 2780 bouvel
574 2711 676 2787 illud,
705 2733 823 2777 nonne
846 2729 971 2778 certam
994 2716 1162 2802 quandam
1185 2716 1312 2781 circum
1328 2713 1416 2802 crip-

294 2812 434 2886 tamque
451 2793 627 2874 videbitur
648 2793 793 2860 diffinire
814 2797 1054 2878 substantiam?
1078 2799 1181 2884 Quod
1203 2797 1304 2887 fiquis
1319 2817 1415 2864 vera·

296 2880 379 2948 citer
409 2883 452 2947 de
478 2879 552 2966 iplo
580 2877 880 2966 pronunciaverit,
909 2883 964 2944 vel
994 2880 1066 2968 ipse
1098 2885 1140 2950 de
1167 2882 1232 2945 lei
1258 2883 1294 2947 lo
1314 2881 1414 2946 iutel-

295 2962 396 3051 ligit,
456 2961 580 3028 rimum
610 2961 853 3058 ¹categoriarum
882 2963 996 3028 locum
1023 2969 1097 3045 jure
1124 2907 1311 3041 obtinepbit,
1351 2962 1414 3052 qui

245 3089 246 3092 =
298 3046 400 3114 certis
445 3045 639 3132 elinitisque
661 3045 822 3110 tribuitur
842 3046 1019 3126 subjectis,
1041 3045 1078 3110 in
1101 3047 1240 3146 quibua,
1266 3064 1301 3113 et
1323 3047 1414 3114 circa

118 3143 121 3162 ¹
196 3137 207 3162 l
298 3151 386 3217 quae
413 3129 530 3194 omnia
558 3129 733 3192 versantur
754 3143 788 3192 et
809 3130 1031 3194 continentur
1053 3129 1259 3206 accidentis3
1292 3151 1330 3195 ac
1350 3153 1414 3229 per

201 3229 204 3234 '
297 3216 369 3279 boo
391 3233 467 3279 non
494 3211 707 3290 translative,
736 3209 793 3275 led
820 3212 958 3299 proprie
1009 3211 1093 3277 rima
1117 3216 1159 3278 de
1182 3233 1222 3278 eo
1243 3216 1415 3300 praedica·

226 3364 230 3372 ,
296 3295 393 3362 bitur
412 3293 603 3381 categoria;
635 3295 704 3358 five
726 3293 817 3360 enim
839 3299 879 3359 ab
902 3239 1124 3360 inteliectuali
1146 3312 1312 3373 creatura,
1344 3298 1414 3363 five

299 3401 320 3444 a
340 3377 445 3464 leipla
465 3377 502 3440 in
528 3375 639 3464 aliqua
659 3375 803 3442 diffinita
829 3379 964 3443 clientis
988 3379 1197 3466 intelligatur
1218 3379 1333 3446 divina
1352 3403 1411 3444 na·
1511 3375 1512 3386 ’

298 3476 394 3538 tura,
422 3481 495 3525 non
526 3459 668 3526 omnino
691 3462 735 3526 eli
755 3461 892 3528 infinita
913 3479 947 3527 et
967 3461 1276 3550 incircumscripta,
1303 3463 1413 3528 omni-

295 3565 368 3632 que
397 3543 567 3612 accidenti
592 3565 727 3622 catenat
759 3545 906 3634 ideoque
926 3567 997 3612 non
1018 3549 1106 3611 ultra
1128 3568 1230 3612 orune
1251 3549 1344 3635 quod
1363 3547 1415 3614 ‹ti-

262 3689 265 3694 .
299 3625 390 3694 citur
411 3644 447 3694 et
464 3625 688 3716 intelligitur,
708 3630 873 3697 veraciter
892 3646 1022 3706 remota
1039 3633 1101 3696 elle
1122 3630 1281 3710 creditur,
1305 3653 1412 3719 quum

298 3709 389 3778 intra
423 3713 588 3800 quosdam
622 3711 785 3779 terminos
821 3712 985 3780 diffinitae
1020 3731 1161 3780 naturae
1197 3714 1410 3814 intelligitur.

299 3795 413 3862 Omne
434 3795 527 3864 enim
551 3797 593 3862 de
615 3819 683 3886 quo
703 3798 810 3885 potest
827 3797 1013 3886 praedicari
1031 3801 1087 3865 vel
1100 3799 1248 3890 intelligi
1263 3802 1347 3888 qutd
1359 3801 1407 3878 fit,

299 3899 419 3953 cortun
440 3901 526 3968 quae
545 3881 624 3947 lunt
643 3905 825 3950 numerum
842 3904 916 3951 nou
935 3884 1043 3974 potest
1063 3887 1242 3970 excedere3
1278 3885 1338 3950 led
1356 3906 1413 3951 ve·

298 3961 365 4028 luti
391 3986 468 4064 pars
493 3964 532 4030 iu
559 3980 652 4043 toto,
680 3969 737 4066 vel
766 3983 878 4036 totum
904 3967 1137 4061 inpartibus,
1170 3970 1226 4035 vel
1245 3967 1354 4036 forma
1371 3968 1409 4036 in

301 4067 441 4193 genere,
475 4051 530 4114 vel
545 4070 666 4197 ¹genua
695 4072 733 4118 an
763 4052 900 4134 formis,
935 4059 991 4123 vel
1013 4051 1194 4121 individui
1215 4051 1351 4120 numeri
1369 4051 1408 4122 in
1511 4135 1512 4140 ἵ

316 4132 427 4216 pecie,
459 4133 514 4198 vel
603 4133 673 4204 cies
692 4153 731 4204 tn
751 4139 960 4223 mdtvtdurs,
991 4141 1047 4206 vel
1067 4138 1320 4228 praedictorum
1338 4159 1409 4208 orn·

879 4277 886 4290 Ι
