3048 4856
275 239 357 310 288
600 241 655 311 sle
674 241 856 314 natum
876 237 1050 314 Nauae.

273 424 350 490 liter
372 428 488 490 datum
509 423 563 489 est.
606 425 656 494 Μ.
687 427 733 495 Et
753 423 868 493 omnsa
890 443 978 516 quae
997 423 1127 516 semper
1145 424 1235 492 vidit
1256 425 1391 514 semper

275 509 367 574 facit.
405 509 483 573 Non
506 507 656 574 enimin
679 531 720 576 eo
740 509 914 598 praecedit
932 511 1016 577 visio
1038 509 1283 598 operationem,
1305 529 1391 598 quo·

275 593 367 658 niam
389 607 567 657 coaeterna
588 593 633 657 est
652 591 773 659 vifioni
795 594 966 682 operatio,
990 594 1189 743 'praesertim
1213 598 1395 660 dumnon

275 675 367 740 aliud
389 675 420 740 ei
443 677 482 740 srt
502 675 618 741 videre
644 693 678 742 et
698 677 790 744 aliud
811 697 967 766 operare,
1005 683 1047 745 ed
1068 679 1169 765 ipsine
1185 677 1268 744 visio
1284 677 1391 766 ipsura

273 759 319 823 est
349 760 511 846 operatio.
556 759 648 826 Vidit
683 761 776 826 enim
799 766 971 849 operando
992 775 1027 828 et
1046 762 1196 827 videndo
1217 771 1391 849 operatur.

275 845 316 908 D.
340 845 415 908 Hoc
437 863 573 931 quoque
595 846 796 932 aslumptum
818 846 871 911 est.
915 849 965 910 M.
995 851 1048 912 De
1069 844 1281 932 simplicitate
1304 843 1394 911 divi·

274 947 339 991 nae
371 944 511 993 naturae
538 925 735 1004 discussum,
789 933 859 994 nod
879 947 951 995 non
972 929 1011 995 in
1033 951 1072 995 ea
1092 951 1172 994 vere
1193 943 1232 994 ao
1251 928 1395 1018 proprie

273 1009 495 1098 intelligitur,
518 1013 671 1098 quod‘ab
695 1033 734 1078 ea
788 1011 905 1079 ionum
926 1015 986 1090 slt,
1010 1029 1044 1079 et
1058 1035 1130 1079 non
1146 1013 1178 1078 el
1194 1013 1393 1078 coessentia-

273 1097 323 1172 le,
357 1109 392 1158 et
421 1095 584 1182 quoniam
605 1095 721 1196 omnia
739 1117 826 1162 vere·
841 1117 880 1163 ac
898 1097 1037 1244 proprie
1058 1097 1148 1162 intra
1169 1119 1243 1162 eam
1265 1095 1395 1162 intelli·

272 1179 842 1350 tl?l;f.‘s⁶r.1l.s”.st¹t.2¹s.²
856 1181 1393 1366 {tantbsltsnssfflsst}

271 1345 321 1410 hil
343 1367 421 1411 vere
444 1367 482 1411 ac
504 1347 641 1434 proprie
663 1347 725 1413 esse
748 1351 841 1444 qupd
856 1350 928 1436 rpsa
947 1368 1017 1413 non
1031 1349 1090 1412 sit·
1111 1353 1152 1412 D.
1170 1349 1393 1414 conclusum.

214 1491 223 1510 ,
271 1431 320 1494 Μ.
352 1430 501 1495 Proinde
533 1451 605 1498 non
637 1435 705 1496 duo
735 1431 886 1517 aseipfia
910 1431 1246 1505 distantiadebemua
1267 1428 1397 1497 intelli·

272 1531 350 1604 gere
373 1514 551 1580 dominum
576 1529 610 1578 et
632 1529 835 1590 creaturam,
859 1515 915 1580 sed
928 1533 1036 1582 unum
1052 1529 1086 1580 et
1096 1514 1134 1579 id
1147 1515 1268 1601 ipsum.
1302 1517 1396 1582 Nam

273 1608 307 1660 et
328 1613 479 1662 creatura
505 1598 541 1662 in
564 1599 640 1663 Deo
661 1598 707 1662 esi
726 1598 913 1674 subfistem,
938 1613 972 1663 et
992 1603 1086 1663 Deua
1108 1595 1144 1662 in
1162 1613 1313 1662 creatura
1327 1599 1395 1663 mi·

270 1679 369 1744 rabili
393 1698 426 1743 et
447 1679 613 1745 ineffabili
634 1683 739 1746 modo
761 1697 910 1758 creatur,
934 1682 1078 1768 seipsum
1092 1681 1316 1756 manifestans,
1338 1681 1395 1746 in·

271 1761 410 1826 'visibilia
440 1761 603 1828 visibilem
634 1765 667 1828 se
689 1763 835 1840 saoiena,
871 1779 905 1828 et
925 1763 1276 1849 incomprehensibilia
1299 1783 1396 1830 com·

271 1843 548 1932 prehensibilem,
589 1857 624 1908 et
645 1847 801 1908 occultus
823 1855 996 1929 apertum,
1035 1859 1069 1909 et
1092 1845 1290 1934 incognitua
1310 1867 1395 1936 cog·

135 1951 143 1966 ·
270 1928 402 2003 niun,
436 1941 472 1992 at
499 1928 608 1992 sonna
639 1941 673 1992 et
702 1926 814 2014 specie
836 1945 951 1991 carena
973 1927 1176 2004 formosum,
1209 1945 1243 1993 et
1264 1931 1396 2030 specio·

270 2011 365 2086 sum,
389 2026 423 2074 et
441 2009 725 2098 superessentialia
747 2009 967 2085 essentialem,
996 2023 1030 2073 et
1052 2012 1312 2098 supernaturalia
1331 2037 1395 2081 na·

271 2096 431 2169 ruralem3
456 2109 490 2157 et
511 2094 647 2180 simplex
669 2095 911 2179 compositum,
933 2109 968 2158 et
985 2093 1222 2160 accidentibus
1236 2097 1321 2162 liber
1337 2119 1395 2164 ae·

272 2178 466 2245 cidentibua
489 2178 695 2256 subjectum,
728 2191 765 2240 et
783 2175 970 2250 accidena,·
986 2191 1022 2241 et
1042 2177 1217 2243 inlinitum
1240 2179 1395 2262 linitum,

273 2279 307 2327 et
337 2259 668 2346 incircumscriptum
698 2258 1006 2346 circumscriptum,
1041 2275 1075 2326 et
1096 2263 1395 2350 super-temporalia

272 2345 510 2432 temporalem,
549 2357 582 2406 et
604 2343 818 2430 superlocalis
839 2344 999 2419 localem,
1022 2357 1056 2407 et
1078 2346 1193 2410 omnia
1214 2369 1329 2413 creana
1350 2345 1394 2416 in

271 2429 431 2495 omnibus
454 2439 624 2502 creatum,
664 2441 699 2490 et
718 2425 874 2490 omnium
890 2426 1003 2492 sartor
1021 2428 1132 2493 sactua
1154 2429 1192 2494 in
1214 2431 1390 2511 omnibus,

271 2527 306 2578 et
330 2526 486 2576 aeter-nur
513 2507 629 2594 eoepit
650 2509 731 2584 elle,
763 2523 798 2572 et
817 2507 1002 2575 immobilia
1023 2529 1181 2578 movetur
1200 2513 1238 2580 in
1261 2517 1391 2594 omnia,

272 2611 306 2660 et
328 2595 367 2660 fit
387 2594 424 2658 in
448 2591 606 2670 omnibup
629 2591 763 2674 omnia3=
785 2613 897 2680 neque
920 2596 987 2658 h'oe
1010 2598 1052 2660 ‹le
1070 2593 1305 2664 incarnatione
1315 2621 1392 2664 ver·

271 2679 308 2744 bl
331 2693 365 2742 et
387 2673 671 2742 inhumanatione
692 2674 787 2750 dico,
811 2677 868 2741 sed
885 2679 926 2742 de
941 2677 1089 2744 summae
1104 2681 1278 2757 bonitatia,
1291 2705 1393 2769 ¹quae

270 2763 384 2827 unitae
408 2761 451 2826 esl
473 2775 509 2825 et
530 2755 681 2833 trinitaa,
705 2757 871 2825 ineffabili
892 2764 1173 2829 condescenfione
1194 2765 1231 2830 in
1244 2783 1287 2830 ea
1300 2787 1392 2853 qnae

271 2847 350 2912 sunt
379 2859 419 2909 ut
441 2846 504 2910 sint
524 2843 595 2908 imo
616 2857 656 2907 ut
676 2841 748 2930 ipsa
768 2842 806 2908 in
829 2843 987 2910 omnibus
1011 2865 1030 2910 a
1050 2847 1181 2914 summo
1204 2869 1311 2937 usque
1333 2851 1392 2916 de·

273 2931 385 2995 orsum
407 2929 463 3007 sit,
489 2929 618 3076 semper
639 2941 775 2991 aeterna
793 2927 923 3016 semper
942 2929 1031 2994 sacta
1052 2951 1071 2994 a
1093 2931 1196 3019 seipsa
1217 2931 1254 2997 in
1272 2934 1389 3020 seipsa,

271 3031 408 3078 aeterna
437 3035 455 3078 a
483 3011 587 3098 seipa
616 3009 654 3075 in
677 3009 723 3076 sei
749 3011 782 3076 sa
803 3011 909 3087 sacta,
941 3027 975 3077 et
997 3016 1078 3078 dum
1099 3015 1140 3079 fit
1161 3031 1295 3081 aeterna
1315 3037 1391 3082 nou

270 3097 391 3163 desinit
422 3099 485 3162 elle
508 3097 615 3170 sacta,
652 3107 688 3160 et
733 3094 876 3183 eleipsa
898 3096 942 3160 sei
970 3097 1036 3161 sam
1058 3097 1149 3162 sacit.
1192 3102 1271 3165 Nou
1293 3100 1391 3166 enim

269 3179 403 3270 indiget
435 3181 577 3246 alteriue.
599 3169 760 3244 materiae
789 3199 875 3267 qnae
906 3117 976 3268 ipia
1004 3201 1077 3245 non
1098 3183 1138 3245 fit
1159 3183 1194 3246 in
1218 3205 1284 3282 qua
1304 3183 1392 3270 seip-

220 3289 222 3298 ’
269 3266 338 3331 sam
370 3264 452 3330 facit
472 3263 537 3328 alio
563 3260 624 3324 uin
645 3262 817 3348 impotena
835 3261 1028 3340 videratur,
1059 3265 1149 3328 etin
1175 3267 1207 3331 se
1229 3267 1302 3352 rpso
1323 3265 1388 3332 im·

297 3351 460 3423 ersectua,
482 3348 505 3411 fi
528 3285 666 3410 aliunde
687 3344 856 3432 acciperet
878 3367 894 3410 a
920 3345 1099 3435 peritionia
1117 3363 1151 3412 et
1164 3349 1390 3436 perfeetionia

270 3369 347 3496 iure
379 3429 553 3494 auxilium.
597 3431 625 3492 Δ
653 3429 687 3499 se
714 3428 820 3516 igitur
844 3427 856 3493 i
883 3371 918 3494 ri
946 3430 1116 3496 Dominus
1147 3431 1272 3520 accipit
1293 3437 1390 3498 theo·

248 3512 472 3602 ,phaniarum
494 3515 643 3588 suarum,
668 3514 743 3579 hoc.
756 3511 817 3590 est,
841 3513 1036 3579 divinarum
1057 3515 1309 3602 apparitionum
1330 3537 1389 3582 oo·

273 3598 439 3663 casioueaa
462 3617 567 3685 quum
589 3619 632 3661 ex
652 3589 744 3744 iqo,
774 3609 809 3660 et
827 3617 889 3680 par
911 3593 1039 3688 ipsum,
1062 3613 1097 3662 et
1118 3595 1262 3694 inipso,
1284 3613 1319 3665 et
1339 3601 1391 3665 ael

271 3676 397 3772 ipsum,
411 3675 500 3776 suaet
517 3684 635 3746 omnio.
695 3695 708 3744 t
728 3700 790 3767 per
809 3683 893 3756 hoc,
916 3697 951 3745 et
971 3681 1042 3770 ipsa
1061 3682 1236 3764 materies,
1260 3685 1302 3750 de
1318 3707 1389 3772 qua

267 3767 394 3855 legitur
414 3767 581 3832 mundum
602 3761 733 3838 secisle,
765 3766 806 3829 ab
828 3764 919 3854 ipso,
954 3777 988 3828 et
1009 3765 1046 3830 in
1067 3765 1141 3853 ipso
1163 3767 1224 3844 est,
1259 3767 1389 3856 etipse

266 3847 304 3918 lu
324 3872 366 3916 ea
387 3851 617 3939 esl¹,quantum
637 3845 852 3935 intelligitur,
875 3869 948 3914 eam
968 3849 1052 3914 esser
1074 3871 1140 3914 nec
1160 3854 1227 3917 hoo
1247 3852 1386 3928 mirum,

271 3953 351 4000 aum
371 3953 435 4002 noa
457 3935 609 4022 exempla
629 3931 822 4020 Scripturae
843 3935 886 3998 de
907 3931 1031 3997 talibus
1055 3935 1216 4011 ducenum
1239 3935 1387 4002 sienim

271 4019 403 4084 animae
425 4019 534 4104 Moysi
554 4031 589 4083 et
611 4015 745 4082 Samuel
769 4017 851 4082 dum
869 4029 992 4084 natura
1013 4017 1093 4082 sunt
1110 4017 1312 4096 invisibiles,
1351 4031 1388 4084 et

271 4100 517 4191 incorporalea,
539 4097 683 4166 vifilrilea
705 4115 740 4166 et
759 4099 868 4166 veluti
888 4103 1096 4188 corporalaa,
1119 4101 1250 4170 nonin
1272 4103 1387 4192 aliqua

269 4186 473 4254 extrinsecae
494 4186 656 4277 aslumpta
676 4183 834 4264 materia,
858 4185 915 4254 sed
935 4199 996 4274 par
1015 4185 1049 4252 se
1069 4184 1177 4274 ipsae,
1198 4187 1291 4254 nulla
1312 4205 1385 4254 me-
