2970 4826
175 304 179 328 ,
265 233 376 310 ’418
414 259 418 272 ·
632 235 687 304 lle
707 235 888 322 llioirtone
910 235 1082 306 Naturae.
1142 311 1145 319 A

296 369 495 522 plicioriiuc
517 417 556 484 'sc
583 415 622 484 in
655 419 790 520 actione
819 437 864 520 ec·
882 421 1109 520 intelligentie
1129 414 1287 486 fidelibus
1308 442 1362 484 ne
1386 437 1420 484 et

296 504 358 592 rpfi
389 505 517 568 eudem
546 503 734 590 deceptorie
755 501 883 570 mfidne
904 521 1098 590 capientur,
1131 505 1317 650 propalare.
1369 507 1421 570 Et

296 602 334 654 tu
370 589 378 606 ⁶
414 587 575 654 rdiabrrie
602 588 755 654 calcaneo
783 611 861 736 egen
901 589 1107 656 calcaneum
1138 611 1198 654 mu
1211 585 1291 652 reric
1322 609 1420 672 quae

297 673 342 738 est
358 675 538 760 αισθησις,
570 691 682 738 rerum
707 673 788 736 sensi
812 672 908 739 ilium
938 671 1127 758 phantasiae
1147 671 1243 746 sunt,
1273 672 1348 734 hoc
1376 672 1421 734 cll

296 756 364 823 ima
389 754 462 820 ineu
484 773 571 853 quac
592 756 634 820 de
653 757 882 842 'corporalibus
898 755 1046 820 numerio
1065 755 1100 818 in
1118 755 1420 904 quirigat-partito

295 839 353 907 seu
370 862 394 902 u
415 853 668 925 exprimunturr
694 861 733 904 ac
754 861 816 925 per
834 842 901 904 hoc
922 841 1115 904 calcaneum
1137 838 1198 902 illu
1244 837 1421 923 quinque·

295 922 458 1010 partitum
480 921 543 986 else
563 923 692 987 neceffe
715 922 767 986 est.
806 918 984 988 Diuiditur
1005 920 1096 990 enim
1118 919 1156 986 in
1178 919 1334 1066 quinpue
1355 941 1419 986 no·

295 1005 417 1072 dffima
437 1003 604 1075 sentiendi
623 1025 766 1092 organo,
789 1005 897 1072 visum
919 1006 1016 1082 dico,
1038 1004 1209 1082 auditum,
1233 1003 1265 1071 ol
1283 1019 1416 1080 actum,

344 1091 446 1164 stum,
478 1104 691 1236 tactumpue„
727 1091 882 1174 Quorum
909 1092 1075 1239 puaed'am
1100 1089 1202 1185 longe
1223 1102 1318 1154 extra
1343 1110 1417 1152 mo·

311 1196 366 1238 em
394 1193 434 1238 co
477 1193 588 1239 orcam
626 1169 785 1241 entientio
808 1187 906 1248 exten
933 1188 1056 1238 untur:
1088 1188 1127 1236 ut
1147 1171 1237 1236 vrsuo
1261 1185 1297 1236 et
1317 1171 1416 1235 audi·

295 1267 363 1322 tuo.
407 1257 519 1322 Soem
540 1277 687 1342 numque
709 1271 742 1321 et
761 1259 895 1332 lunam.
918 1272 1114 1353 caeteraque
1134 1253 1415 1340 fiderulongeeb
1452 1313 1453 1334 ,

183 1350 184 1360 ’
298 1361 340 1406 eo
361 1341 438 1406 loco
461 1360 529 1426 quo
553 1338 745 1438 corpusculi
766 1339 833 1406 mei
854 1343 960 1408 moles
976 1342 1139 1414 ambitur,
1164 1337 1270 1423 posita
1288 1337 1414 1402 [endo.

295 1422 363 1488 Ubi
387 1421 478 1488 enim
500 1422 597 1498 sunt.
619 1422 669 1490 rbi
692 1445 729 1488 ea
752 1423 860 1488 sentio
882 1423 919 1488 in
941 1422 1043 1488 radiis
1065 1423 1241 1488 oculorum
1254 1441 1415 1488 meorum

295 1505 357 1594 qui
384 1505 467 1572 illuc
496 1507 591 1574 nullu
621 1527 715 1572 more
745 1503 955 1580 interstante,
990 1505 1183 1598 eriguntur,
1216 1503 1254 1568 iu
1286 1501 1415 1590 quibus

294 1591 485 1678 phantasiae
530 1587 755 1657 raedictorum
778 1591 920 1656 siderum
943 1591 1141 1656 formantur.
1184 1586 1334 1657 videsue
1351 1587 1414 1672 igi·

295 1691 371 1748 tur,
393 1693 492 1758 quum
504 1614 616 1818 ionpe
635 1671 784 1758 praefata
804 1673 954 1738 foemina
978 1675 1171 1740 calcaneum
1191 1669 1347 1736 suumin
1365 1692 1413 1734 or·

172 1763 174 1771 ’
296 1777 436 1844 ganum·
453 1753 581 1820 vidend
609 1754 786 1820 extendit.
808 1741 812 1770 ¹
840 1753 1003 1820 Similiter
1030 1757 1070 1818 de
1091 1751 1144 1820 hio
1165 1775 1251 1838 quae
1270 1753 1413 1840 proprie

295 1837 361 1904 tibi
382 1837 419 1926 iu
440 1837 562 1904 modiin
583 1837 698 1925 spatiis
720 1837 897 1912 videntur,
925 1837 1196 1924 intelligendum.
1238 1836 1318 1900 Non
1345 1837 1413 1900 ulio

295 1923 399 1988 modo
432 1924 474 1988 de
514 1919 676 1986 audiendi
706 1920 817 1986 officio
848 1921 1008 1988 naturalia
1039 1943 1076 1984 or
1119 1919 1156 1984 ni
1188 1919 1414 1986 confidendo

296 2007 428 2071 edocet.
456 2003 601 2073 Auditus
622 2005 645 2070 sr
668 2004 784 2070 uidem
807 2021 897 2070 extra
917 2003 1067 2090 corporie
1094 2001 1184 2090 petie
1198 2002 1287 2068 soree
1303 2025 1413 2068 erum·

294 2085 365 2178 pit,
399 2102 440 2152 ut
468 2089 628 2154 sonorum
647 2029 715 2153 qseu
736 2109 860 2154 vocum
881 2087 1041 2154 formulas
1062 2088 1097 2154 in
1121 2086 1164 2150 sei
1194 2085 1225 2150 so
1249 2088 1413 2174 expressae

293 2167 456 2257 recipiet,
476 2171 543 2236 five
563 2173 684 2258 longe.
700 2169 775 2268 ‘live
795 2193 901 2257 prope
920 2176 1014 2267 jactu
1035 2169 1118 2234 ueris
1141 2109 1287 2235 clienter.
1327 2169 1413 2254 Qui·

181 2249 189 2305 ’·
297 2257 375 2320 dum
396 2275 477 2320 vero
500 2251 589 2320 intre
611 2269 773 2330 terminos
796 2275 944 2340 conpone
968 2255 1206 2328 continentur,
1237 2267 1277 2316 ut
1298 2251 1347 2316 esi
1369 2254 1411 2318 ol·

209 2377 210 2381 =
294 2338 405 2402 lectur
423 2353 462 2400 et
482 2337 611 2420 gustus:
634 2352 674 2400 ut
693 2335 810 2400 multis
832 2341 874 2404 de
894 2353 1013 2407 natura
1034 2337 1189 2406 sensuum
1210 2327 1412 2432 dieputotio-

295 2417 398 2484 nibus
418 2417 565 2482 videtur.
609 2421 688 2486 Non
719 2419 839 2486 desunt
859 2435 971 2484 temen
994 2421 1052 2506 qui
1075 2419 1205 2484 sensum
1226 2417 1411 2484 ollaciendi

295 2503 386 2566 sorae
416 2513 595 2572 autument
625 2500 792 2588 prosilire.
811 2524 968 2588 ,quorum
992 2501 1190 2590 opinionem
1210 2524 1281 2566 non
1304 2505 1412 2588 pollu-

295 2605 371 2650 mue
393 2581 566 2679 spernere,
589 2581 802 2730 lonrgiuocule
825 2587 915 2650 enim
938 2587 1169 2673 ecorporibue
1187 2585 1306 2652 nostrie
1322 2589 1411 2651 bene

296 2667 355 2732 seu
375 2666 471 2730 ahter
493 2665 619 2732 olentia
655 2665 815 2734 entimuu.
857 2671 909 2734 De
931 2686 1024 2736 tactu
1045 2687 1156 2734 eutem
1178 2690 1281 2734 neruo
1298 2671 1410 2752 Physi-

295 2771 414 2816 corum
435 2747 586 2826 dubitat,
651 2753 726 2816 uod
745 2767 779 2826 et
798 2750 887 2818 intra
909 2767 1031 2839 corpue
1054 2768 1088 2816 et
1108 2768 1199 2819 extre
1220 2753 1318 2816 suum
1341 2770 1412 2838 per·

292 2849 374 2922 ‘agat
394 2831 553 2898 officium.
585 2772 684 2898 Seius
707 2833 799 2900 enim
821 2851 856 2902 et
877 2835 945 2900 sine
967 2835 1041 2900 aliie
1062 2836 1206 2900 senfibue
1227 2834 1301 2900 vim
1315 2837 1411 2902 suom

204 2955 205 2958 π
299 2931 462 2984 excercet.
495 2917 619 2982 Nullae
639 2939 720 2982 vero
747 2917 888 2984 eliorum
911 2935 1055 3005 quatuor
1077 2921 1201 3006 ubsque
1220 2917 1313 2985 illiue
1335 2942 1412 2986 coo·

221 3021 228 3028 ·
321 2999 471 3066 erutione
491 2998 711 3066 ministerium
733 3001 830 3066 suum
852 3003 942 3066 velet
963 3002 1156 3090 adimplere.
1198 3005 1285 3070 Nem
1308 3019 1345 3066 et
1363 3004 1410 3066 vi·
1452 3029 1453 3042 ¹

293 3025 351 3150 ine
371 3105 443 3150 non
466 3083 574 3171 potest
594 3083 711 3150 videre
732 3085 793 3150 nifi
815 3085 964 3172 tetigerit
986 3089 1078 3172 quod
1098 3086 1211 3166 videt3
1233 3107 1299 3152 nec
1315 3087 1412 3151 audi·
1452 3067 1453 3150 i

294 3183 352 3236 tue
373 3167 490 3235 audire
511 3167 574 3233 nili
595 3166 745 3254 tetigerit
790 3172 859 3234 uod
883 3167 995 3244 eudit;
1018 3191 1083 3234 nec
1105 3171 1412 3238 ollactus-olfacere
1452 3185 1453 3202 ¹

294 3251 321 3318 fi
348 3273 421 3318 non
442 3249 604 3338 ‘tetigerit
656 3255 725 3316 uod
756 3191 844 3338 oiet3
873 3273 985 3339 neq-ue
1014 3254 1124 3338 gullue
1146 3253 1271 3338 gullure
1293 3253 1318 3318 fi
1340 3275 1411 3318 uon

295 3332 448 3422 tetigerit
468 3337 562 3420 quod
582 3275 698 3422 gusot.
740 3335 978 3400 Animadverte
999 3333 1113 3484 itupue
1136 3336 1286 3422 quinque
1307 3337 1411 3424 parti·

295 3434 369 3484 tum
403 3417 535 3485 sensum
556 3419 759 3484 sensibilium
781 3437 892 3486 rerum
912 3423 1038 3518 phauta
1065 3419 1092 3484 ie
1113 3421 1314 3492 formatum.
1354 3421 1410 3484 cui

174 3567 177 3584 ¹
296 3501 431 3588 serpens
454 3491 594 3568 cirllidue
616 3501 801 3569 insidiatur.
831 3504 1006 3573 lnsrdmtur
1022 3502 1112 3568 enirn
1132 3501 1240 3570 sensui
1254 3495 1411 3578 videndi,
1452 3525 1453 3532 ¹

297 3587 378 3652 dum
409 3585 677 3672 pulcritudinem
706 3586 889 3656 formarum
918 3587 1137 3674 colorumque
1168 3585 1315 3656 incautis
1339 3587 1412 3652 nni·

295 3671 414 3734 mrbus
430 3673 433 3689 '
447 3668 637 3755 perniciose
664 3671 782 3736 madet
808 3669 1059 3758 concupiscere.
1118 3673 1246 3736 Eodem
1275 3669 1411 3736 ratione

296 3755 340 3820 de
369 3751 547 3818 harmonia
573 3775 718 3831 vocum,
749 3757 791 3820 de
810 3753 974 3820 suavitate
995 3757 1156 3830 odorum.
1188 3757 1230 3822 de
1251 3753 1283 3818 sa
1309 3775 1410 3820 orum

296 3855 403 3902 corun
431 3859 482 3920 ‘ue
514 3859 599 3924 quae
626 3853 734 3904 tactus
755 3837 840 3904 attin
868 3838 895 3904 ‘t
915 3837 1195 3908 delectationibus
1215 3837 1254 3906 in
1317 3835 1411 3926 ‘gen-

299 3923 380 3986 dum
424 3917 561 3986 rbitrore
597 3943 682 4008 quae
706 3921 820 3988 onmia
865 3945 924 3994 um
944 3919 1152 4010 improvide,
1187 3925 1255 4000 hoc
1274 3921 1320 3986 cst
1342 3945 1410 3988 car·

296 4005 367 4070 nali
403 4001 590 4088 cupiditate
614 4005 796 4094 concupita
816 4021 877 4093 per
893 4027 1099 4108 'corporeum
1119 4006 1252 4074 sensum
1274 4009 1314 4070 ab
1338 4005 1409 4072 ani·

296 4109 355 4154 ruo
394 4087 649 4178 percipiuntur,
685 4089 897 4158 mortiferum
931 4088 1138 4158 uviuomm'
1170 4093 1409 4158 mendatorum

295 4170 561 4262 transgreffiouie
583 4171 734 4244 efficiunt
748 4195 937 4256 venenum,
960 4173 1185 4265 omniumque
1205 4173 1407 4244 delictorum
