3038 4832
328 199 397 270 rie
526 201 532 222 ·
647 177 1101 272 transmarinum.

327 388 390 451 bria
412 385 469 450 sco
490 381 530 447 ab
552 383 730 450 intellectu
751 383 993 472 comprehendi
1014 383 1160 472 possunt,
1183 381 1367 470 sapientiae
1383 405 1442 450 er·

325 468 435 556 pertia
464 465 631 532 credimur
661 469 743 546 elle,
776 467 929 556 quamvis
958 467 1105 533 breviter
1132 465 1208 553 quie
1235 469 1441 553 respondere

325 555 453 625 valeat,
488 565 559 614 non
582 553 645 616 else
665 551 790 618 mirum
810 551 1076 639 insipientibus
1098 549 1341 638 exemplaribus
1363 549 1441 616 insi·

325 633 495 722 pientium
516 635 628 698 causae
649 636 834 714 subsistere,
867 637 950 700 dum
969 635 1124 699 videmus
1146 633 1183 698 iii
1205 633 1367 698 solaribus
1389 657 1441 699 ra·

326 717 391 786 diia
413 720 628 788 tenebrarum
648 719 835 784 occasiones
856 711 1054 784 natuialiter
1073 716 1193 791 inesse,
1216 721 1378 804 'dumque
1398 717 1439 782 in

325 803 360 866 se
386 800 464 888 ipsa
496 803 605 866 nullae
634 805 786 867 tenebras
810 803 873 867 effe
894 804 1022 876 finum,
1058 821 1112 866 eaa
1133 815 1246 866 tamen
1269 803 1311 866 de
1332 802 1440 868 coalia

246 925 249 936 ·
324 885 363 951 iri
384 885 424 948 se
438 883 545 948 insitis
568 884 675 949 veluti
698 885 756 951 sibi
779 887 945 973 oppofitaa
966 885 1123 972 gignunt.
1353 911 1358 928 ·

389 990 438 1052 ¹9·
461 967 621 1053 D.tQuid
642 991 721 1057 ergo
743 972 819 1033 wilt
836 973 929 1056 quod
947 967 1118 1055 sequitur?
1140 969 1190 1032 Et
1204 967 1349 1065 Spiqitias
1363 969 1440 1032 Dei

314 1043 825 1236 {latitantium
847 1053 1438 1232 intestabilesque

324 1221 496 1283 rationalia
521 1241 564 1282 ue
582 1237 752 1286 creaturae
767 1237 940 1298 virtutem,
963 1241 1080 1284 verum
1100 1234 1135 1282 et
1144 1232 1304 1283 creatorae
1320 1239 1437 1282 earum

323 1241 573 1390 intelligibiiem
595 1300 827 1393 cognitionem
849 1302 1056 1391 praenimia
1078 1304 1156 1367 suae
1174 1317 1314 1366 naturae
1329 1303 1437 1365 excel·

325 1385 432 1450 lentii
460 1387 640 1472 superares
676 1391 725 1456 M.
757 1384 981 1483 Iit-spiritur,
1009 1386 1147 1535 inquit‚·
1170 1387 1245 1451 Der·
1255 1379 1437 1473 ferebatur

314 1462 423 1561 super
443 1493 567 1556 aquam
599 1473 682 1536 acsi
704 1471 847 1547 diceret,
874 1470 1058 1558 primordia
1072 1471 1144 1534 ium
1165 1469 1335 1548 causarum
1357 1469 1436 1532 inli-

322 1551 396 1617 nita
417 1553 832 1642 incomprehensibilisque
854 1557 1003 1640 abyllua,
1027 1575 1066 1620 ac
1084 1575 1145 1640 per
1166 1555 1233 1617 hoc
1255 1549 1434 1616 invihbilia

322 1639 566 1723 tenebrosaque
598 1637 719 1705 merito
742 1639 925 1724 appellata,
961 1659 1032 1702 non
1055 1636 1103 1701 ita
1124 1658 1260 1701 ornnem
1280 1635 1437 1700 intellec·

322 1733 396 1782 tum
425 1719 659 1806 rationemque
689 1720 870 1799 altitudine
893 1719 1105 1798 obacuritatia
1126 1721 1204 1784 suae
1225 1715 1363 1804 effugit,
1394 1733 1435 1780 ut

324 1801 426 1868 etiam
457 1813 475 1866 a'
497 1803 626 1889 Spiritu
649 1804 715 1868 Dei
736 1805 978 1890 comprehendi
1000 1819 1034 1868 et
1054 1802 1201 1889 superari
1222 1822 1292 1866 non
1314 1799 1434 1888 pollit3

249 1963 251 1974 Ι
321 1887 415 1962 Deire
437 1907 583 1974 namque
604 1887 689 1972 ipsaa
711 1887 818 1951 veluti
835 1891 998 1974 quaedam
1012 1887 1233 1950 fundamenta
1248 1882 1433 1980 principia·

323 1987 390 2113 que
420 1985 616 2036 naturarum
646 1969 800 2035 omnium
832 1991 918 2056 quae
944 1973 984 2033 ab
1013 1989 1054 2033 eo
1076 1969 1172 2042 sunt,
1201 1967 1238 2030 iii
1260 1966 1433 2052 principio

342 2051 430 2126 ecit,
462 2052 498 2116 su
526 2052 793 2140 ereminentique
815 2055 871 2116 sua
940 2049 1038 2130 ostica
1058 2050 1187 2114 virtute
1207 2069 1260 2113 eae
1283 2070 1435 2136 compre·

321 2135 460 2207 hendit,
492 2077 695 2232 spiritusque
717 2141 793 2214 ejue'
808 2157 879 2198 non
915 2133 1000 2201 ocali
1022 2131 1211 2207 vehimine,
1239 2133 1295 2196 sed
1317 2132 1433 2220 cogni·

320 2216 426 2282 tionis
456 2217 642 2282 eminentia
664 2217 711 2281 eie
732 2219 946 2303 superfertur.
989 2217 1100 2281 Potest
1120 2231 1154 2280 et
1173 2215 1218 2279 sic
1239 2213 1325 2293 dici,
1357 2221 1432 2299 Spi-

238 2340 241 2348 =
319 2305 406 2365 ritus
427 2295 501 2364 Dei
510 2296 789 2392 superferebatur
800 2296 908 2392 [ηραν
928 2323 1052 2387 aqum
1083 2319 1154 2363 noti
1178 2295 1269 2362 enim
1313 2297 1430 2364 rimor·

319 2381 424 2450 diales
446 2383 600 2447 omnium
621 2384 733 2448 causaa
756 2399 870 2448 tantae
892 2381 1109 2448 excellentiae
1134 2381 1198 2445 elie
1219 2401 1273 2444 cre
1298 2403 1352 2446 ere
1373 2385 1429 2448 de·

318 2469 454 2542 bemus,
484 2481 524 2529 ut
552 2461 703 2552 superior
732 2468 825 2550 nulla
853 2487 907 2529 eae
934 2467 1115 2552 praecedat
1147 2463 1244 2528 causa
1265 2487 1351 2551 quae
1373 2488 1429 2530 eaa

318 2549 469 2636 superat:
502 2548 546 2612 ell
575 2547 665 2612 enim
694 2569 763 2612 uria
793 2551 976 2634 eademque
1006 2546 1160 2613 omnium
1181 2545 1278 2612 causa
1302 2569 1342 2612 ex
1361 2572 1428 2636 qua

320 2649 355 2697 et
381 2647 585 2718 perquam,
620 2630 715 2696 etin
745 2653 831 2718 qua,
864 2647 898 2695 et
928 2635 970 2696 ad
1013 2653 1109 2705 uam,
1139 2651 1250 2694 rerum
1272 2633 1427 2698 omnium

258 2743 261 2750 ’
316 2715 779 2884 {irretentibili
788 2713 966 2862 riute
980 2653 1428 2884 sitientemque

297 2841 300 2850 ’
1309 2843 1320 2873 Ι

316 2881 492 2946 universae
521 2895 691 2944 creaturae
718 2901 737 2944 a
763 2881 797 2944 se
818 2879 1010 2944 inchoantia
1034 2819 1096 2943 eie
1118 2879 1272 2944 ordinem
1292 2903 1428 2966 praece·

317 2963 384 3039 dit,
408 2963 499 3027 etin
522 2985 595 3028 eam
618 2959 755 3038 delinit3
777 2983 849 3027 non
869 2965 962 3048 quod
982 2960 1019 3025 in
1042 2983 1081 3026 ea
1100 2963 1166 3026 hoc
1187 2963 1280 3048 priua
1302 2980 1336 3027 et
1358 2968 1426 3032 hoc

167 3047 174 3052 ’
213 3057 221 3084 l
315 3046 476 3134 posteriue
497 3045 628 3111 ratione
650 3043 840 3131 temporum
863 3061 1012 3110 creatum
1032 3045 1085 3120 lit,
1108 3065 1187 3110 com
1207 3045 1311 3142 fimi
1324 3061 1361 3111 et
1378 3049 1426 3112 se·

293 3133 383 3204 ,mel
405 3128 519 3195 omnia
540 3127 751 3193 aeternaliter
771 3127 809 3192 iii
830 3127 901 3214 ipsa
922 3128 1002 3201 lint,
1025 3141 1060 3191 et
1081 3129 1121 3191 ab
1139 3126 1209 3224 ipsa
1223 3127 1311 3194 sacta
1325 3131 1422 3206 sumt

313 3215 373 3278 sed
394 3215 486 3299 quod
508 3211 627 3276 ordine
647 3209 813 3275 ineffabili
833 3209 1229 3296 incomprehensibilique
1254 3211 1351 3278 omni
1371 3214 1425 3278 in-

314 3295 467 3360 tellectui
497 3293 613 3358 divina
641 3292 855 3379 providentia
876 3293 1125 3358 universitatem
1146 3292 1305 3380 conditae
1324 3313 1425 3362 natu·

312 3399 370 3442 rae
399 3399 440 3441 ex
473 3375 772 3442 non-existentibus
803 3376 839 3440 in
871 3375 1041 3440 existentia
1071 3375 1245 3462 produxit,
1276 3399 1425 3465 quorum

264 3510 268 3520 ,
313 3460 378 3526 alia
399 3459 474 3525 aliie
498 3463 641 3557 quadam
663 3459 825 3523 essentiali
846 3459 1011 3546 dignitate
1031 3460 1283 3546 praeferuntur;
1310 3461 1362 3528 ita
1381 3479 1424 3528 ut

312 3565 352 3609 ea
374 3565 459 3630 quae
479 3564 568 3608 circa
587 3542 810 3606 universalem
831 3543 984 3608 omnium
1007 3543 1155 3617 causam,
1176 3543 1287 3630 ipsum
1306 3549 1423 3612 Derim

312 3627 410 3726 plico.
439 3625 592 3712 proxime
623 3641 725 3712 atque
753 3623 949 3725 immediate
968 3626 1063 3690 nulla
1083 3641 1234 3724 creatura
1247 3628 1291 3725 ‚su
1316 3629 1422 3726 eriori

309 3709 1420 3880 tthtfihttltlt‘ptstltl‘ttt‘ttfstttttltsitf

93 3870 97 3881 ’
131 3947 135 3954 ,
268 3945 272 3954 ,
309 3878 353 3942 de
374 3876 500 3942 alia-ex
521 3875 595 3942 aliia
618 3899 636 3941 a
657 3877 788 3942 summo
808 3897 916 3963 mque
937 3878 1108 3953 deorsum,
1130 3877 1418 3956 hoccsl,.abini·

309 3963 359 4025 tio
388 3958 626 4026 intellectualia
655 3975 827 4028 creaturae
852 3981 892 4026 ua
916 3981 960 4026 ue
991 3963 1034 4026 ad
1061 3960 1217 4026 omnium
1245 3962 1415 4039 infimum,

307 4045 401 4132 quod
424 4044 469 4109 eil
487 4063 627 4134 eorpua,
651 4045 876 4113 descendants
894 3983 1043 4132 (ipiritua
1063 4065 1143 4132 ergo
1162 4042 1230 4110 Dei
1249 4048 1350 4134 super
1369 4061 1416 4111 te·
1468 4121 1474 4130 ³

306 4127 483 4196 nebrosiiii
498 4127 646 4215 abyssum
664 4129 839 4201 causarum
859 4129 1013 4198 omnium
1032 4127 1295 4217 primordialiter
1315 4129 1417 4198 iacta·
