<?xml version="1.0" encoding="UTF-8"?>
<!DOCTYPE html PUBLIC "-//W3C//DTD XHTML 1.0 Transitional//EN"
    "http://www.w3.org/TR/xhtml1/DTD/xhtml1-transitional.dtd">
<html xmlns="http://www.w3.org/1999/xhtml" xml:lang="en" lang="en">
 <head>
  <title>
</title>
<meta http-equiv="Content-Type" content="text/html;charset=utf-8" />
  <meta name='ocr-system' content='tesseract 3.04.00' />
  <meta name='ocr-capabilities' content='ocr_page ocr_carea ocr_par ocr_line ocrx_word'/>
</head>
<body>
  <div class='ocr_page' id='page_1' title='image "./dedivisionenatu00eriggoog_0076.png"; bbox 0 0 2952 4824; ppageno 0'>
   <div class='ocr_carea' id='block_1_1' title="bbox 476 245 1270 324">
    <p class='ocr_par' dir='ltr' id='par_1_1' title="bbox 476 245 1270 324">
     <span class='ocr_line' id='line_1_1' title="bbox 476 245 1270 324; baseline 0.005 -4"><span class='ocrx_word' id='word_1_1' title='bbox 476 245 757 322; x_wconf 59' lang='lat' dir='ltr'><strong>&amp;terrram</strong></span> <span class='ocrx_word' id='word_1_2' title='bbox 1122 251 1270 324; x_wconf 55' lang='grc' dir='ltr'><strong>ΜΓἩ</strong></span> 
     </span>
    </p>
   </div>
   <div class='ocr_carea' id='block_1_2' title="bbox 65 419 1254 1608">
    <p class='ocr_par' dir='ltr' id='par_1_2' title="bbox 75 419 1212 607">
     <span class='ocr_line' id='line_1_2' title="bbox 75 419 1176 521; baseline -0.002 -17"><span class='ocrx_word' id='word_1_3' title='bbox 75 435 165 504; x_wconf 83' lang='lat' dir='ltr'><strong>modo</strong></span> <span class='ocrx_word' id='word_1_4' title='bbox 185 429 356 521; x_wconf 73' lang='lat' dir='ltr'><strong>corporeis</strong></span> <span class='ocrx_word' id='word_1_5' title='bbox 376 430 523 500; x_wconf 82' lang='lat' dir='ltr'><strong>loofibua</strong></span> <span class='ocrx_word' id='word_1_6' title='bbox 544 419 771 502; x_wconf 76' lang='lat' dir='ltr'><strong>succumbunt</strong></span> <span class='ocrx_word' id='word_1_7' title='bbox 790 447 1071 510; x_wconf 71' lang='lat' dir='ltr'><strong>connumeratum</strong></span> <span class='ocrx_word' id='word_1_8' title='bbox 1103 455 1176 504; x_wconf 85' lang='lat' dir='ltr'><strong>cor·</strong></span> 
     </span>
     <span class='ocr_line' id='line_1_3' title="bbox 95 515 1212 607; baseline 0.003 -23"><span class='ocrx_word' id='word_1_9' title='bbox 95 539 144 584; x_wconf 84' lang='lat' dir='ltr'><strong>ora</strong></span> <span class='ocrx_word' id='word_1_10' title='bbox 168 536 271 594; x_wconf 85' lang='lat' dir='ltr'><strong>vero,</strong></span> <span class='ocrx_word' id='word_1_11' title='bbox 311 517 337 582; x_wconf 84' lang='lat' dir='ltr'>fi</span> <span class='ocrx_word' id='word_1_12' title='bbox 365 515 511 584; x_wconf 81' lang='lat' dir='ltr'><strong>senfibua</strong></span> <span class='ocrx_word' id='word_1_13' title='bbox 538 539 611 585; x_wconf 91' lang='lat' dir='ltr'><strong>non</strong></span> <span class='ocrx_word' id='word_1_14' title='bbox 640 518 895 607; x_wconf 83' lang='lat' dir='ltr'><strong>percipiuntur,</strong></span> <span class='ocrx_word' id='word_1_15' title='bbox 936 539 977 586; x_wconf 89' lang='lat' dir='ltr'><strong>co</strong></span> <span class='ocrx_word' id='word_1_16' title='bbox 1020 539 1077 584; x_wconf 89' lang='lat' dir='ltr'><strong>ora</strong></span> <span class='ocrx_word' id='word_1_17' title='bbox 1104 541 1176 586; x_wconf 84' lang='lat' dir='ltr'><strong>non</strong></span> <span class='ocrx_word' id='word_1_18' title='bbox 1206 553 1212 570; x_wconf 74' lang='lat'>=</span> 
     </span>
    </p>

    <p class='ocr_par' dir='ltr' id='par_1_3' title="bbox 65 544 1254 1608">
     <span class='ocr_line' id='line_1_4' title="bbox 73 544 1254 704; baseline 0.006 -38"><span class='ocrx_word' id='word_1_19' title='bbox 73 544 157 700; x_wconf 74' lang='lat' dir='ltr'><strong>iant:</strong></span> <span class='ocrx_word' id='word_1_20' title='bbox 185 620 306 699; x_wconf 77' lang='lat' dir='ltr'><strong>nonne</strong></span> <span class='ocrx_word' id='word_1_21' title='bbox 336 602 434 666; x_wconf 87' lang='lat' dir='ltr'><strong>datur</strong></span> <span class='ocrx_word' id='word_1_22' title='bbox 462 603 555 699; x_wconf 76' lang='lat' dir='ltr'><strong>quod</strong></span> <span class='ocrx_word' id='word_1_23' title='bbox 582 603 679 704; x_wconf 75' lang='lat' dir='ltr'><strong>locun</strong></span> <span class='ocrx_word' id='word_1_24' title='bbox 705 624 778 668; x_wconf 91' lang='lat' dir='ltr'><strong>non</strong></span> <span class='ocrx_word' id='word_1_25' title='bbox 797 603 839 668; x_wconf 87' lang='lat' dir='ltr'><strong>fit</strong></span> <span class='ocrx_word' id='word_1_26' title='bbox 859 621 982 703; x_wconf 76' lang='lat' dir='ltr'><strong>corpur</strong></span> <span class='ocrx_word' id='word_1_27' title='bbox 1034 622 1175 690; x_wconf 81' lang='lat' dir='ltr'><strong>corpora</strong></span> <span class='ocrx_word' id='word_1_28' title='bbox 1252 618 1254 624; x_wconf 86' lang='lat'>&#39;</span> 
     </span>
     <span class='ocr_line' id='line_1_5' title="bbox 71 685 1176 856; baseline 0 -22"><span class='ocrx_word' id='word_1_29' title='bbox 71 685 449 834; x_wconf 47' lang='lat' dir='ltr'><strong>&amp;boldetto</strong></span> <span class='ocrx_word' id='word_1_30' title='bbox 463 699 758 856; x_wconf 61' lang='lat' dir='ltr'><strong>,lllloffil&#39;ir</strong></span> <span class='ocrx_word' id='word_1_31' title='bbox 776 688 1176 847; x_wconf 50' lang='lat' dir='ltr'><strong>&amp;librabatur</strong></span> 
     </span>
     <span class='ocr_line' id='line_1_6' title="bbox 70 850 1175 940; baseline 0.005 -25"><span class='ocrx_word' id='word_1_32' title='bbox 70 873 139 938; x_wconf 81' lang='lat' dir='ltr'><strong>pora</strong></span> <span class='ocrx_word' id='word_1_33' title='bbox 165 851 231 914; x_wconf 82' lang='lat' dir='ltr'><strong>fiat</strong></span> <span class='ocrx_word' id='word_1_34' title='bbox 251 871 313 936; x_wconf 85' lang='lat' dir='ltr'><strong>per</strong></span> <span class='ocrx_word' id='word_1_35' title='bbox 333 850 367 915; x_wconf 88' lang='lat' dir='ltr'><strong>le</strong></span> <span class='ocrx_word' id='word_1_36' title='bbox 387 851 457 940; x_wconf 83' lang='lat' dir='ltr'><strong>ipsa</strong></span> <span class='ocrx_word' id='word_1_37' title='bbox 480 851 640 928; x_wconf 82' lang='lat' dir='ltr'><strong>discreta,</strong></span> <span class='ocrx_word' id='word_1_38' title='bbox 667 851 832 938; x_wconf 81' lang='lat' dir='ltr'><strong>ineffabili</strong></span> <span class='ocrx_word' id='word_1_39' title='bbox 856 853 913 920; x_wconf 82' lang='lat' dir='ltr'><strong>lua</strong></span> <span class='ocrx_word' id='word_1_40' title='bbox 933 851 1086 938; x_wconf 62' lang='lat' dir='ltr'><strong>naturali,</strong></span> <span class='ocrx_word' id='word_1_41' title='bbox 1100 853 1175 920; x_wconf 88' lang='lat' dir='ltr'><strong>sub·</strong></span> 
     </span>
     <span class='ocr_line' id='line_1_7' title="bbox 70 933 1188 1036; baseline 0.003 -39"><span class='ocrx_word' id='word_1_42' title='bbox 70 933 179 998; x_wconf 83' lang='lat' dir='ltr'><strong>tilitate</strong></span> <span class='ocrx_word' id='word_1_43' title='bbox 201 949 303 1036; x_wconf 67' lang='lat' dir='ltr'><strong>atgue</strong></span> <span class='ocrx_word' id='word_1_44' title='bbox 323 933 472 1021; x_wconf 85' lang='lat' dir='ltr'><strong>puritate</strong></span> <span class='ocrx_word' id='word_1_45' title='bbox 495 957 632 1002; x_wconf 90' lang='lat' dir='ltr'><strong>omnem</strong></span> <span class='ocrx_word' id='word_1_46' title='bbox 653 935 785 1002; x_wconf 79' lang='lat' dir='ltr'><strong>lenium</strong></span> <span class='ocrx_word' id='word_1_47' title='bbox 806 938 983 1003; x_wconf 79' lang='lat' dir='ltr'><strong>mortalem</strong></span> <span class='ocrx_word' id='word_1_48' title='bbox 1003 937 1188 1035; x_wconf 59' lang='lat' dir='ltr'><strong>superant„</strong></span> 
     </span>
     <span class='ocr_line' id='line_1_8' title="bbox 68 1017 1175 1108; baseline 0.002 -26"><span class='ocrx_word' id='word_1_49' title='bbox 68 1017 158 1082; x_wconf 77' lang='lat' dir='ltr'><strong>aliud</strong></span> <span class='ocrx_word' id='word_1_50' title='bbox 187 1039 281 1080; x_wconf 84' lang='lat' dir='ltr'><strong>enon</strong></span> <span class='ocrx_word' id='word_1_51' title='bbox 310 1038 389 1104; x_wconf 84' lang='lat' dir='ltr'><strong>ergo</strong></span> <span class='ocrx_word' id='word_1_52' title='bbox 420 1019 536 1095; x_wconf 77' lang='lat' dir='ltr'><strong>locun,</strong></span> <span class='ocrx_word' id='word_1_53' title='bbox 570 1034 604 1084; x_wconf 91' lang='lat' dir='ltr'><strong>et</strong></span> <span class='ocrx_word' id='word_1_54' title='bbox 624 1019 717 1086; x_wconf 90' lang='lat' dir='ltr'><strong>aliud</strong></span> <span class='ocrx_word' id='word_1_55' title='bbox 737 1042 872 1108; x_wconf 75' lang='lat' dir='ltr'><strong>corpus.</strong></span> <span class='ocrx_word' id='word_1_56' title='bbox 916 1021 968 1086; x_wconf 80' lang='lat' dir='ltr'><strong>An</strong></span> <span class='ocrx_word' id='word_1_57' title='bbox 991 1019 1055 1084; x_wconf 89' lang='lat' dir='ltr'><strong>tibr</strong></span> <span class='ocrx_word' id='word_1_58' title='bbox 1077 1018 1175 1084; x_wconf 88' lang='lat' dir='ltr'><strong>aliter</strong></span> 
     </span>
     <span class='ocr_line' id='line_1_9' title="bbox 67 1098 1173 1171; baseline 0.004 -7"><span class='ocrx_word' id='word_1_59' title='bbox 67 1098 219 1164; x_wconf 70' lang='lat' dir='ltr'><strong>ridetur?</strong></span> <span class='ocrx_word' id='word_1_60' title='bbox 252 1101 294 1162; x_wconf 89' lang='lat' dir='ltr'><strong>D.</strong></span> <span class='ocrx_word' id='word_1_61' title='bbox 316 1101 420 1166; x_wconf 88' lang='lat' dir='ltr'><strong>Nullo</strong></span> <span class='ocrx_word' id='word_1_62' title='bbox 441 1100 562 1168; x_wconf 89' lang='lat' dir='ltr'><strong>modo!</strong></span> <span class='ocrx_word' id='word_1_63' title='bbox 600 1105 738 1169; x_wconf 87' lang='lat' dir='ltr'><strong>ethaeo</strong></span> <span class='ocrx_word' id='word_1_64' title='bbox 784 1103 922 1170; x_wconf 81' lang='lat' dir='ltr'><strong>ostrema</strong></span> <span class='ocrx_word' id='word_1_65' title='bbox 941 1101 1173 1171; x_wconf 83' lang='lat' dir='ltr'><strong>ratiocinatio·</strong></span> 
     </span>
     <span class='ocr_line' id='line_1_10' title="bbox 68 1182 1174 1274; baseline 0.005 -26"><span class='ocrx_word' id='word_1_66' title='bbox 68 1183 113 1248; x_wconf 87' lang='lat' dir='ltr'><strong>nia</strong></span> <span class='ocrx_word' id='word_1_67' title='bbox 143 1182 271 1246; x_wconf 84' lang='lat' dir='ltr'><strong>nostrae</strong></span> <span class='ocrx_word' id='word_1_68' title='bbox 303 1185 472 1250; x_wconf 76' lang='lat' dir='ltr'><strong>conclusio</strong></span> <span class='ocrx_word' id='word_1_69' title='bbox 504 1191 717 1274; x_wconf 85' lang='lat' dir='ltr'><strong>nequaquam</strong></span> <span class='ocrx_word' id='word_1_70' title='bbox 770 1186 824 1252; x_wconf 90' lang='lat' dir='ltr'><strong>nit</strong></span> <span class='ocrx_word' id='word_1_71' title='bbox 847 1189 1034 1254; x_wconf 84' lang='lat' dir='ltr'><strong>concedere</strong></span> <span class='ocrx_word' id='word_1_72' title='bbox 1058 1187 1174 1253; x_wconf 85' lang='lat' dir='ltr'><strong>locum</strong></span> 
     </span>
     <span class='ocr_line' id='line_1_11' title="bbox 67 1265 1174 1368; baseline 0.005 -38"><span class='ocrx_word' id='word_1_73' title='bbox 67 1281 97 1330; x_wconf 88' lang='lat' dir='ltr'><strong>et</strong></span> <span class='ocrx_word' id='word_1_74' title='bbox 119 1287 241 1364; x_wconf 77' lang='lat' dir='ltr'><strong>corpur</strong></span> <span class='ocrx_word' id='word_1_75' title='bbox 271 1265 534 1362; x_wconf 37' lang='lat' dir='ltr'><strong>unius-generis</strong></span> <span class='ocrx_word' id='word_1_76' title='bbox 560 1270 633 1334; x_wconf 81' lang='lat' dir='ltr'><strong>effe.</strong></span> <span class='ocrx_word' id='word_1_77' title='bbox 671 1271 744 1368; x_wconf 77' lang='lat' dir='ltr'><strong>⁸Sed</strong></span> <span class='ocrx_word' id='word_1_78' title='bbox 777 1273 873 1368; x_wconf 85' lang='lat' dir='ltr'><strong>qaod</strong></span> <span class='ocrx_word' id='word_1_79' title='bbox 898 1269 1174 1358; x_wconf 82' lang='lat' dir='ltr'><strong>interpolituma</strong></span> 
     </span>
     <span class='ocr_line' id='line_1_12' title="bbox 67 1349 1174 1450; baseline 0.005 -38"><span class='ocrx_word' id='word_1_80' title='bbox 67 1365 96 1450; x_wconf 68' lang='lat' dir='ltr'><strong>te</strong></span> <span class='ocrx_word' id='word_1_81' title='bbox 118 1349 238 1424; x_wconf 70' lang='lat' dir='ltr'><strong>ardeo,</strong></span> <span class='ocrx_word' id='word_1_82' title='bbox 270 1351 320 1446; x_wconf 75' lang='lat' dir='ltr'><strong>orl</strong></span> <span class='ocrx_word' id='word_1_83' title='bbox 348 1350 442 1449; x_wconf 74' lang='lat' dir='ltr'><strong>aliud</strong></span> <span class='ocrx_word' id='word_1_84' title='bbox 471 1352 534 1450; x_wconf 70' lang='lat' dir='ltr'><strong>elle</strong></span> <span class='ocrx_word' id='word_1_85' title='bbox 561 1367 737 1418; x_wconf 83' lang='lat' dir='ltr'><strong>materrem</strong></span> <span class='ocrx_word' id='word_1_86' title='bbox 762 1353 926 1419; x_wconf 80' lang='lat' dir='ltr'><strong>vrfibilem</strong></span> <span class='ocrx_word' id='word_1_87' title='bbox 959 1355 1087 1420; x_wconf 82' lang='lat' dir='ltr'><strong>formae</strong></span> <span class='ocrx_word' id='word_1_88' title='bbox 1109 1353 1174 1426; x_wconf 71' lang='lat' dir='ltr'><strong>,ad-</strong></span> 
     </span>
     <span class='ocr_line' id='line_1_13' title="bbox 65 1434 1174 1582; baseline 0.004 -87"><span class='ocrx_word' id='word_1_89' title='bbox 65 1447 214 1530; x_wconf 66' lang='lat' dir='ltr'><strong>junctam</strong></span> <span class='ocrx_word' id='word_1_90' title='bbox 234 1434 250 1514; x_wconf 87' lang='lat'>(</span> <span class='ocrx_word' id='word_1_91' title='bbox 261 1436 425 1534; x_wconf 68' lang='lat' dir='ltr'><strong>qurcqurd</strong></span> <span class='ocrx_word' id='word_1_92' title='bbox 454 1457 546 1499; x_wconf 86' lang='lat' dir='ltr'><strong>eorm</strong></span> <span class='ocrx_word' id='word_1_93' title='bbox 568 1451 728 1523; x_wconf 86' lang='lat' dir='ltr'><strong>apparet,</strong></span> <span class='ocrx_word' id='word_1_94' title='bbox 758 1459 824 1582; x_wconf 58' lang='lat' dir='ltr'><strong>Fer</strong></span> <span class='ocrx_word' id='word_1_95' title='bbox 845 1437 988 1504; x_wconf 86' lang='lat' dir='ltr'><strong>formam</strong></span> <span class='ocrx_word' id='word_1_96' title='bbox 1010 1441 1174 1524; x_wconf 70' lang='lat' dir='ltr'><strong>apparet)</strong></span> 
     </span>
     <span class='ocr_line' id='line_1_14' title="bbox 66 1514 1196 1608; baseline 0.004 -28"><span class='ocrx_word' id='word_1_97' title='bbox 66 1514 119 1580; x_wconf 81' lang='lat' dir='ltr'><strong>urb</strong></span> <span class='ocrx_word' id='word_1_98' title='bbox 144 1517 374 1582; x_wconf 73' lang='lat' dir='ltr'><strong>accidentium</strong></span> <span class='ocrx_word' id='word_1_99' title='bbox 397 1520 609 1604; x_wconf 88' lang='lat' dir='ltr'><strong>quorundam</strong></span> <span class='ocrx_word' id='word_1_100' title='bbox 631 1539 759 1584; x_wconf 83' lang='lat' dir='ltr'><strong>concur</strong></span> <span class='ocrx_word' id='word_1_101' title='bbox 773 1543 850 1595; x_wconf 87' lang='lat' dir='ltr'><strong>um,</strong></span> <span class='ocrx_word' id='word_1_102' title='bbox 884 1541 958 1604; x_wconf 72' lang='lat' dir='ltr'><strong>uoq</strong></span> <span class='ocrx_word' id='word_1_103' title='bbox 977 1543 1097 1608; x_wconf 84' lang='lat' dir='ltr'><strong>parum</strong></span> <span class='ocrx_word' id='word_1_104' title='bbox 1117 1534 1196 1584; x_wconf 75' lang='lat' dir='ltr'><strong>me·</strong></span> 
     </span>
    </p>
   </div>
   <div class='ocr_carea' id='block_1_3' title="bbox 66 1597 1294 1692">
    <p class='ocr_par' dir='ltr' id='par_1_4' title="bbox 66 1597 1294 1692">
     <span class='ocr_line' id='line_1_15' title="bbox 66 1597 1294 1692; baseline 0.002 -28"><span class='ocrx_word' id='word_1_105' title='bbox 66 1613 182 1664; x_wconf 82' lang='lat' dir='ltr'><strong>movet.</strong></span> <span class='ocrx_word' id='word_1_106' title='bbox 226 1599 276 1661; x_wconf 88' lang='lat' dir='ltr'><strong>M.</strong></span> <span class='ocrx_word' id='word_1_107' title='bbox 301 1599 380 1664; x_wconf 89' lang='lat' dir='ltr'><strong>Non</strong></span> <span class='ocrx_word' id='word_1_108' title='bbox 403 1616 437 1664; x_wconf 91' lang='lat' dir='ltr'><strong>te</strong></span> <span class='ocrx_word' id='word_1_109' title='bbox 458 1617 603 1668; x_wconf 83' lang='lat' dir='ltr'><strong>moveat.</strong></span> <span class='ocrx_word' id='word_1_110' title='bbox 645 1603 731 1671; x_wconf 87' lang='lat' dir='ltr'><strong>Nam</strong></span> <span class='ocrx_word' id='word_1_111' title='bbox 752 1618 792 1666; x_wconf 85' lang='lat' dir='ltr'><strong>ut</strong></span> <span class='ocrx_word' id='word_1_112' title='bbox 813 1597 906 1680; x_wconf 84' lang='lat' dir='ltr'>dixi,</span> <span class='ocrx_word' id='word_1_113' title='bbox 927 1625 1071 1692; x_wconf 81' lang='lat' dir='ltr'><strong>magnae</strong></span> <span class='ocrx_word' id='word_1_114' title='bbox 1093 1603 1173 1668; x_wconf 84' lang='lat' dir='ltr'><strong>Gre-</strong></span> <span class='ocrx_word' id='word_1_115' title='bbox 1290 1607 1294 1612; x_wconf 84' lang='grc'><strong>’</strong></span> 
     </span>
    </p>
   </div>
   <div class='ocr_carea' id='block_1_4' title="bbox 62 1679 1246 3098">
    <p class='ocr_par' dir='ltr' id='par_1_5' title="bbox 62 1679 1246 2846">
     <span class='ocr_line' id='line_1_16' title="bbox 66 1679 1172 1857; baseline 0.004 -29"><span class='ocrx_word' id='word_1_116' title='bbox 66 1679 362 1829; x_wconf 55' lang='lat' dir='ltr'><strong>§bullit</strong></span> <span class='ocrx_word' id='word_1_117' title='bbox 382 1681 1172 1857; x_wconf 57' lang='lat' dir='ltr'><strong>¹22⁸{532³{rssnimttllfo‘ffl’lzlst¹¹llll</strong></span> 
     </span>
     <span class='ocr_line' id='line_1_17' title="bbox 65 1843 1203 1946; baseline 0.01 -34"><span class='ocrx_word' id='word_1_118' title='bbox 65 1847 200 1912; x_wconf 68' lang='lat' dir='ltr'><strong>deuiam</strong></span> <span class='ocrx_word' id='word_1_119' title='bbox 231 1849 396 1932; x_wconf 61' lang='lat' dir='ltr'><strong>quoidam</strong></span> <span class='ocrx_word' id='word_1_120' title='bbox 426 1847 709 1940; x_wconf 68' lang='lat' dir='ltr'><strong>compositionem,</strong></span> <span class='ocrx_word' id='word_1_121' title='bbox 749 1877 793 1920; x_wconf 74' lang='lat' dir='ltr'><strong>aa·</strong></span> <span class='ocrx_word' id='word_1_122' title='bbox 819 1852 918 1946; x_wconf 78' lang='lat' dir='ltr'><strong>invrfi</strong></span> <span class='ocrx_word' id='word_1_123' title='bbox 941 1853 1037 1920; x_wconf 76' lang='lat' dir='ltr'><strong>ilibus</strong></span> <span class='ocrx_word' id='word_1_124' title='bbox 1066 1847 1175 1945; x_wconf 68' lang='lat' dir='ltr'><strong>causta*</strong></span> <span class='ocrx_word' id='word_1_125' title='bbox 1200 1843 1203 1851; x_wconf 34' lang='lat'><strong>¹</strong></span> 
     </span>
     <span class='ocr_line' id='line_1_18' title="bbox 63 1929 1173 2024; baseline 0.005 -30"><span class='ocrx_word' id='word_1_126' title='bbox 63 1931 106 1994; x_wconf 80' lang='lat' dir='ltr'><strong>ud</strong></span> <span class='ocrx_word' id='word_1_127' title='bbox 130 1929 291 2024; x_wconf 65' lang='lat' dir='ltr'><strong>visibilem</strong></span> <span class='ocrx_word' id='word_1_128' title='bbox 322 1936 495 1998; x_wconf 77' lang='lat' dir='ltr'><strong>materiam</strong></span> <span class='ocrx_word' id='word_1_129' title='bbox 524 1935 776 2016; x_wconf 62' lang='lat' dir='ltr'><strong>procedentem,</strong></span> <span class='ocrx_word' id='word_1_130' title='bbox 809 1935 1101 2016; x_wconf 26' lang='lat' dir='ltr'><strong>waliramnum</strong></span> <span class='ocrx_word' id='word_1_131' title='bbox 1135 1934 1173 2000; x_wconf 83' lang='lat' dir='ltr'><strong>Si</strong></span> 
     </span>
     <span class='ocr_line' id='line_1_19' title="bbox 64 2013 1173 2106; baseline 0.006 -28"><span class='ocrx_word' id='word_1_132' title='bbox 64 2013 149 2079; x_wconf 88' lang='lat' dir='ltr'><strong>enim</strong></span> <span class='ocrx_word' id='word_1_133' title='bbox 177 2013 345 2100; x_wconf 83' lang='lat' dir='ltr'><strong>corporali</strong></span> <span class='ocrx_word' id='word_1_134' title='bbox 372 2013 467 2080; x_wconf 62' lang='lat' dir='ltr'><strong>huic*</strong></span> <span class='ocrx_word' id='word_1_135' title='bbox 484 2015 642 2082; x_wconf 91' lang='lat' dir='ltr'><strong>materiae</strong></span> <span class='ocrx_word' id='word_1_136' title='bbox 672 2017 876 2105; x_wconf 85' lang='lat' dir='ltr'><strong>solubilique</strong></span> <span class='ocrx_word' id='word_1_137' title='bbox 903 2022 1067 2106; x_wconf 82' lang='lat' dir='ltr'><strong>quaedam</strong></span> <span class='ocrx_word' id='word_1_138' title='bbox 1100 2019 1173 2092; x_wconf 77' lang='lat' dir='ltr'><strong>lim·</strong></span> 
     </span>
     <span class='ocr_line' id='line_1_20' title="bbox 64 2095 1173 2196; baseline 0.005 -36"><span class='ocrx_word' id='word_1_139' title='bbox 64 2099 135 2196; x_wconf 72' lang='lat' dir='ltr'><strong>pler</strong></span> <span class='ocrx_word' id='word_1_140' title='bbox 158 2113 260 2186; x_wconf 82' lang='lat' dir='ltr'><strong>atque</strong></span> <span class='ocrx_word' id='word_1_141' title='bbox 290 2095 510 2187; x_wconf 84' lang='lat' dir='ltr'><strong>immutabilia</strong></span> <span class='ocrx_word' id='word_1_142' title='bbox 532 2098 688 2177; x_wconf 78' lang='lat' dir='ltr'><strong>cilentio,</strong></span> <span class='ocrx_word' id='word_1_143' title='bbox 724 2113 759 2164; x_wconf 84' lang='lat' dir='ltr'><strong>et</strong></span> <span class='ocrx_word' id='word_1_144' title='bbox 778 2103 875 2166; x_wconf 90' lang='lat' dir='ltr'><strong>nullo</strong></span> <span class='ocrx_word' id='word_1_145' title='bbox 895 2105 999 2166; x_wconf 91' lang='lat' dir='ltr'><strong>modo</strong></span> <span class='ocrx_word' id='word_1_146' title='bbox 1020 2099 1173 2166; x_wconf 85' lang='lat' dir='ltr'><strong>solubilia</strong></span> 
     </span>
     <span class='ocr_line' id='line_1_21' title="bbox 64 2179 1172 2328; baseline 0.004 -84"><span class='ocrx_word' id='word_1_147' title='bbox 64 2179 188 2257; x_wconf 79' lang='lat' dir='ltr'><strong>mallet,</strong></span> <span class='ocrx_word' id='word_1_148' title='bbox 219 2181 316 2244; x_wconf 89' lang='lat' dir='ltr'><strong>nulla</strong></span> <span class='ocrx_word' id='word_1_149' title='bbox 344 2179 476 2269; x_wconf 88' lang='lat' dir='ltr'><strong>ratione</strong></span> <span class='ocrx_word' id='word_1_150' title='bbox 506 2183 668 2328; x_wconf 40' lang='lat' dir='ltr'><strong>nullaafiue</strong></span> <span class='ocrx_word' id='word_1_151' title='bbox 698 2183 833 2248; x_wconf 86' lang='lat' dir='ltr'><strong>actione</strong></span> <span class='ocrx_word' id='word_1_152' title='bbox 862 2183 999 2269; x_wconf 76' lang='lat' dir='ltr'><strong>panitur</strong></span> <span class='ocrx_word' id='word_1_153' title='bbox 1030 2185 1172 2248; x_wconf 82' lang='lat' dir='ltr'><strong>solvero·</strong></span> 
     </span>
     <span class='ocr_line' id='line_1_22' title="bbox 65 2262 1170 2351; baseline 0.005 -25"><span class='ocrx_word' id='word_1_154' title='bbox 65 2279 128 2326; x_wconf 87' lang='lat' dir='ltr'><strong>tur.</strong></span> <span class='ocrx_word' id='word_1_155' title='bbox 163 2269 235 2332; x_wconf 86' lang='lat' dir='ltr'><strong>lam</strong></span> <span class='ocrx_word' id='word_1_156' title='bbox 267 2285 348 2328; x_wconf 90' lang='lat' dir='ltr'><strong>vero</strong></span> <span class='ocrx_word' id='word_1_157' title='bbox 379 2265 530 2331; x_wconf 78' lang='lat' dir='ltr'><strong>solvitur.</strong></span> <span class='ocrx_word' id='word_1_158' title='bbox 572 2267 617 2330; x_wconf 79' lang='lat' dir='ltr'><strong>Na</strong></span> <span class='ocrx_word' id='word_1_159' title='bbox 663 2263 768 2351; x_wconf 86' lang='lat' dir='ltr'><strong>igitur</strong></span> <span class='ocrx_word' id='word_1_160' title='bbox 798 2262 830 2330; x_wconf 89' lang='lat' dir='ltr'><strong>ei</strong></span> <span class='ocrx_word' id='word_1_161' title='bbox 851 2263 1032 2330; x_wconf 85' lang='lat' dir='ltr'><strong>insolubile</strong></span> <span class='ocrx_word' id='word_1_162' title='bbox 1053 2263 1170 2332; x_wconf 84' lang='lat' dir='ltr'><strong>subest.</strong></span> 
     </span>
     <span class='ocr_line' id='line_1_23' title="bbox 63 2347 1173 2446; baseline 0 -34"><span class='ocrx_word' id='word_1_163' title='bbox 63 2347 142 2412; x_wconf 83' lang='lat' dir='ltr'><strong>Nam</strong></span> <span class='ocrx_word' id='word_1_164' title='bbox 173 2369 296 2436; x_wconf 83' lang='lat' dir='ltr'><strong>genera</strong></span> <span class='ocrx_word' id='word_1_165' title='bbox 327 2364 362 2412; x_wconf 91' lang='lat' dir='ltr'><strong>et</strong></span> <span class='ocrx_word' id='word_1_166' title='bbox 390 2347 515 2434; x_wconf 76' lang='lat' dir='ltr'><strong>species</strong></span> <span class='ocrx_word' id='word_1_167' title='bbox 549 2363 583 2412; x_wconf 85' lang='lat' dir='ltr'><strong>et</strong></span> <span class='ocrx_word' id='word_1_168' title='bbox 611 2362 723 2430; x_wconf 83' lang='lat' dir='ltr'><strong>atoma</strong></span> <span class='ocrx_word' id='word_1_169' title='bbox 742 2363 922 2436; x_wconf 85' lang='lat' dir='ltr'><strong>propterea</strong></span> <span class='ocrx_word' id='word_1_170' title='bbox 942 2350 1071 2446; x_wconf 80' lang='lat' dir='ltr'><strong>semper</strong></span> <span class='ocrx_word' id='word_1_171' title='bbox 1093 2349 1173 2414; x_wconf 85' lang='lat' dir='ltr'><strong>lunt</strong></span> 
     </span>
     <span class='ocr_line' id='line_1_24' title="bbox 63 2429 1242 2528; baseline 0.003 -34"><span class='ocrx_word' id='word_1_172' title='bbox 63 2453 98 2496; x_wconf 87' lang='lat' dir='ltr'><strong>ac</strong></span> <span class='ocrx_word' id='word_1_173' title='bbox 122 2446 341 2517; x_wconf 82' lang='lat' dir='ltr'><strong>permanent,</strong></span> <span class='ocrx_word' id='word_1_174' title='bbox 374 2431 452 2528; x_wconf 83' lang='lat' dir='ltr'><strong>quia</strong></span> <span class='ocrx_word' id='word_1_175' title='bbox 482 2431 566 2496; x_wconf 83' lang='lat' dir='ltr'><strong>inest</strong></span> <span class='ocrx_word' id='word_1_176' title='bbox 596 2429 643 2494; x_wconf 83' lang='lat' dir='ltr'><strong>eia</strong></span> <span class='ocrx_word' id='word_1_177' title='bbox 667 2429 796 2518; x_wconf 87' lang='lat' dir='ltr'><strong>aliquid</strong></span> <span class='ocrx_word' id='word_1_178' title='bbox 820 2455 926 2496; x_wconf 90' lang='lat' dir='ltr'><strong>unum</strong></span> <span class='ocrx_word' id='word_1_179' title='bbox 950 2429 1171 2499; x_wconf 74' lang='lat' dir='ltr'><strong>individuum</strong></span> <span class='ocrx_word' id='word_1_180' title='bbox 1238 2435 1242 2442; x_wconf 82' lang='grc'><strong>’</strong></span> 
     </span>
     <span class='ocr_line' id='line_1_25' title="bbox 64 2513 1171 2613; baseline 0.003 -36"><span class='ocrx_word' id='word_1_181' title='bbox 64 2516 150 2610; x_wconf 78' lang='lat' dir='ltr'><strong>quod</strong></span> <span class='ocrx_word' id='word_1_182' title='bbox 178 2514 260 2579; x_wconf 80' lang='lat' dir='ltr'><strong>solvi</strong></span> <span class='ocrx_word' id='word_1_183' title='bbox 287 2531 427 2601; x_wconf 77' lang='lat' dir='ltr'><strong>nequit,</strong></span> <span class='ocrx_word' id='word_1_184' title='bbox 459 2536 569 2602; x_wconf 88' lang='lat' dir='ltr'><strong>neque</strong></span> <span class='ocrx_word' id='word_1_185' title='bbox 591 2513 728 2578; x_wconf 84' lang='lat' dir='ltr'><strong>destrui:</strong></span> <span class='ocrx_word' id='word_1_186' title='bbox 764 2515 834 2613; x_wconf 76' lang='lat' dir='ltr'><strong>ipsa</strong></span> <span class='ocrx_word' id='word_1_187' title='bbox 857 2536 993 2602; x_wconf 90' lang='lat' dir='ltr'><strong>quoque</strong></span> <span class='ocrx_word' id='word_1_188' title='bbox 1016 2514 1171 2580; x_wconf 86' lang='lat' dir='ltr'><strong>acciden-</strong></span> 
     </span>
     <span class='ocr_line' id='line_1_26' title="bbox 63 2595 1171 2686; baseline 0.004 -26"><span class='ocrx_word' id='word_1_189' title='bbox 63 2613 106 2660; x_wconf 88' lang='lat' dir='ltr'><strong>tra</strong></span> <span class='ocrx_word' id='word_1_190' title='bbox 127 2613 303 2683; x_wconf 84' lang='lat' dir='ltr'><strong>propterea</strong></span> <span class='ocrx_word' id='word_1_191' title='bbox 324 2597 361 2660; x_wconf 92' lang='lat' dir='ltr'><strong>in</strong></span> <span class='ocrx_word' id='word_1_192' title='bbox 382 2597 438 2660; x_wconf 86' lang='lat' dir='ltr'><strong>lua</strong></span> <span class='ocrx_word' id='word_1_193' title='bbox 455 2613 575 2662; x_wconf 88' lang='lat' dir='ltr'><strong>natura</strong></span> <span class='ocrx_word' id='word_1_194' title='bbox 587 2595 844 2666; x_wconf 77' lang='lat' dir='ltr'><strong>immutabiliter</strong></span> <span class='ocrx_word' id='word_1_195' title='bbox 857 2613 1068 2686; x_wconf 77' lang='lat' dir='ltr'><strong>permanent,</strong></span> <span class='ocrx_word' id='word_1_196' title='bbox 1090 2595 1171 2684; x_wconf 86' lang='lat' dir='ltr'><strong>quia</strong></span> 
     </span>
     <span class='ocr_line' id='line_1_27' title="bbox 64 2677 1246 2769; baseline 0.003 -25"><span class='ocrx_word' id='word_1_197' title='bbox 64 2679 214 2744; x_wconf 86' lang='lat' dir='ltr'><strong>omnibua</strong></span> <span class='ocrx_word' id='word_1_198' title='bbox 245 2681 294 2746; x_wconf 85' lang='lat' dir='ltr'><strong>eia</strong></span> <span class='ocrx_word' id='word_1_199' title='bbox 322 2703 429 2744; x_wconf 92' lang='lat' dir='ltr'><strong>unum</strong></span> <span class='ocrx_word' id='word_1_200' title='bbox 463 2679 622 2766; x_wconf 85' lang='lat' dir='ltr'><strong>quiddam</strong></span> <span class='ocrx_word' id='word_1_201' title='bbox 644 2677 862 2750; x_wconf 85' lang='lat' dir='ltr'><strong>individuum</strong></span> <span class='ocrx_word' id='word_1_202' title='bbox 882 2681 1003 2757; x_wconf 84' lang='lat' dir='ltr'><strong>subest,</strong></span> <span class='ocrx_word' id='word_1_203' title='bbox 1039 2677 1170 2769; x_wconf 83' lang='lat' dir='ltr'><strong>inquo</strong></span> <span class='ocrx_word' id='word_1_204' title='bbox 1225 2691 1246 2716; x_wconf 73' lang='grc'><strong>·’</strong></span> 
     </span>
     <span class='ocr_line' id='line_1_28' title="bbox 62 2761 1076 2846; baseline -0.003 -19"><span class='ocrx_word' id='word_1_205' title='bbox 62 2763 253 2828; x_wconf 82' lang='lat' dir='ltr'><strong>naturaliter</strong></span> <span class='ocrx_word' id='word_1_206' title='bbox 273 2761 388 2828; x_wconf 87' lang='lat' dir='ltr'><strong>omnia</strong></span> <span class='ocrx_word' id='word_1_207' title='bbox 409 2785 521 2846; x_wconf 24' lang='lat' dir='ltr'><strong>unum.</strong></span> <span class='ocrx_word' id='word_1_208' title='bbox 538 2762 722 2846; x_wconf 60' lang='lat' dir='ltr'><strong>subdimur.</strong></span> <span class='ocrx_word' id='word_1_209' title='bbox 749 2827 751 2832; x_wconf 65' lang='grc'>,</span> <span class='ocrx_word' id='word_1_210' title='bbox 1075 2763 1076 2770; x_wconf 72' lang='grc'>’</span> 
     </span>
    </p>

    <p class='ocr_par' dir='ltr' id='par_1_6' title="bbox 63 2843 1216 3098">
     <span class='ocr_line' id='line_1_29' title="bbox 82 2843 1216 3012; baseline 0 -20"><span class='ocrx_word' id='word_1_211' title='bbox 82 2843 691 2996; x_wconf 51' lang='lat' dir='ltr'><strong>ardabureaare²</strong></span> <span class='ocrx_word' id='word_1_212' title='bbox 713 2843 1170 3012; x_wconf 52' lang='lat' dir='ltr'><strong>attrabuntur</strong></span> <span class='ocrx_word' id='word_1_213' title='bbox 1212 2937 1216 2942; x_wconf 91' lang='lat'>-</span> 
     </span>
     <span class='ocr_line' id='line_1_30' title="bbox 63 2951 1168 3098; baseline -0.001 -23"><span class='ocrx_word' id='word_1_214' title='bbox 63 2951 225 3090; x_wconf 66' lang='lat' dir='ltr'><strong>iicamua,</strong></span> <span class='ocrx_word' id='word_1_215' title='bbox 257 3010 352 3076; x_wconf 85' lang='lat' dir='ltr'><strong>verbi</strong></span> <span class='ocrx_word' id='word_1_216' title='bbox 380 3009 504 3098; x_wconf 85' lang='lat' dir='ltr'><strong>gratia,</strong></span> <span class='ocrx_word' id='word_1_217' title='bbox 541 2951 620 3074; x_wconf 76' lang='lat' dir='ltr'><strong>dim</strong></span> <span class='ocrx_word' id='word_1_218' title='bbox 651 3007 805 3074; x_wconf 73' lang='lat' dir='ltr'><strong>videmur</strong></span> <span class='ocrx_word' id='word_1_219' title='bbox 834 3029 873 3072; x_wconf 94' lang='lat' dir='ltr'><strong>co</strong></span> <span class='ocrx_word' id='word_1_220' title='bbox 918 3031 974 3074; x_wconf 92' lang='lat' dir='ltr'><strong>ora</strong></span> <span class='ocrx_word' id='word_1_221' title='bbox 1000 3012 1109 3075; x_wconf 82' lang='lat' dir='ltr'><strong>nostra</strong></span> <span class='ocrx_word' id='word_1_222' title='bbox 1129 3008 1168 3074; x_wconf 92' lang='lat' dir='ltr'><strong>in</strong></span> 
     </span>
    </p>
   </div>
   <div class='ocr_carea' id='block_1_5' title="bbox 64 3089 1272 3168">
    <p class='ocr_par' dir='ltr' id='par_1_7' title="bbox 64 3089 1272 3168">
     <span class='ocr_line' id='line_1_31' title="bbox 64 3089 1272 3168; baseline 0.002 -12"><span class='ocrx_word' id='word_1_223' title='bbox 64 3097 121 3159; x_wconf 87' lang='lat' dir='ltr'><strong>hac</strong></span> <span class='ocrx_word' id='word_1_224' title='bbox 151 3113 241 3160; x_wconf 88' lang='lat' dir='ltr'><strong>terra</strong></span> <span class='ocrx_word' id='word_1_225' title='bbox 271 3093 464 3168; x_wconf 82' lang='lat' dir='ltr'><strong>constituta,</strong></span> <span class='ocrx_word' id='word_1_226' title='bbox 495 3095 550 3158; x_wconf 82' lang='lat' dir='ltr'><strong>vel</strong></span> <span class='ocrx_word' id='word_1_227' title='bbox 577 3095 643 3156; x_wconf 91' lang='lat' dir='ltr'><strong>hoc</strong></span> <span class='ocrx_word' id='word_1_228' title='bbox 664 3115 738 3156; x_wconf 90' lang='lat' dir='ltr'><strong>aere</strong></span> <span class='ocrx_word' id='word_1_229' title='bbox 759 3089 885 3155; x_wconf 91' lang='lat' dir='ltr'><strong>circum</strong></span> <span class='ocrx_word' id='word_1_230' title='bbox 902 3091 978 3166; x_wconf 86' lang='lat' dir='ltr'><strong>ula,</strong></span> <span class='ocrx_word' id='word_1_231' title='bbox 1005 3092 1055 3156; x_wconf 91' lang='lat' dir='ltr'><strong>nil</strong></span> <span class='ocrx_word' id='word_1_232' title='bbox 1077 3089 1170 3158; x_wconf 87' lang='lat' dir='ltr'><strong>aliud</strong></span> <span class='ocrx_word' id='word_1_233' title='bbox 1219 3099 1272 3131; x_wconf 64' lang='lat'><strong>²·</strong></span> 
     </span>
    </p>
   </div>
   <div class='ocr_carea' id='block_1_6' title="bbox 62 3173 1242 4280">
    <p class='ocr_par' dir='ltr' id='par_1_8' title="bbox 63 3173 1206 3742">
     <span class='ocr_line' id='line_1_32' title="bbox 64 3173 1168 3265; baseline -0.003 -23"><span class='ocrx_word' id='word_1_234' title='bbox 64 3177 119 3242; x_wconf 86' lang='lat' dir='ltr'><strong>nib</strong></span> <span class='ocrx_word' id='word_1_235' title='bbox 139 3201 282 3265; x_wconf 85' lang='lat' dir='ltr'><strong>corpora</strong></span> <span class='ocrx_word' id='word_1_236' title='bbox 303 3178 340 3240; x_wconf 90' lang='lat' dir='ltr'><strong>in</strong></span> <span class='ocrx_word' id='word_1_237' title='bbox 362 3174 557 3264; x_wconf 76' lang='lat' dir='ltr'><strong>corporibus</strong></span> <span class='ocrx_word' id='word_1_238' title='bbox 580 3175 667 3240; x_wconf 77' lang='lat' dir='ltr'><strong>ellel</strong></span> <span class='ocrx_word' id='word_1_239' title='bbox 702 3177 830 3238; x_wconf 86' lang='lat' dir='ltr'><strong>Eadem</strong></span> <span class='ocrx_word' id='word_1_240' title='bbox 849 3173 981 3241; x_wconf 84' lang='lat' dir='ltr'><strong>ratione</strong></span> <span class='ocrx_word' id='word_1_241' title='bbox 1002 3175 1110 3263; x_wconf 83' lang='lat' dir='ltr'><strong>pilcea</strong></span> <span class='ocrx_word' id='word_1_242' title='bbox 1130 3174 1168 3240; x_wconf 86' lang='lat' dir='ltr'><strong>in</strong></span> 
     </span>
     <span class='ocr_line' id='line_1_33' title="bbox 65 3256 1167 3348; baseline -0.002 -24"><span class='ocrx_word' id='word_1_243' title='bbox 65 3263 238 3337; x_wconf 74' lang='lat' dir='ltr'><strong>fluctibus,</strong></span> <span class='ocrx_word' id='word_1_244' title='bbox 260 3263 416 3348; x_wconf 78' lang='lat' dir='ltr'><strong>planetae</strong></span> <span class='ocrx_word' id='word_1_245' title='bbox 439 3260 475 3322; x_wconf 92' lang='lat' dir='ltr'><strong>in</strong></span> <span class='ocrx_word' id='word_1_246' title='bbox 498 3263 649 3332; x_wconf 86' lang='lat' dir='ltr'><strong>aethere,</strong></span> <span class='ocrx_word' id='word_1_247' title='bbox 681 3257 759 3320; x_wconf 83' lang='lat' dir='ltr'><strong>allra</strong></span> <span class='ocrx_word' id='word_1_248' title='bbox 780 3256 817 3320; x_wconf 91' lang='lat' dir='ltr'><strong>in</strong></span> <span class='ocrx_word' id='word_1_249' title='bbox 839 3257 1072 3334; x_wconf 88' lang='lat' dir='ltr'><strong>firmamento,</strong></span> <span class='ocrx_word' id='word_1_250' title='bbox 1095 3279 1167 3344; x_wconf 72' lang='lat' dir='ltr'><strong>cor·</strong></span> 
     </span>
     <span class='ocr_line' id='line_1_34' title="bbox 64 3339 1168 3442; baseline -0.004 -32"><span class='ocrx_word' id='word_1_251' title='bbox 64 3367 138 3442; x_wconf 71' lang='lat' dir='ltr'><strong>pora</strong></span> <span class='ocrx_word' id='word_1_252' title='bbox 160 3345 196 3410; x_wconf 92' lang='lat' dir='ltr'><strong>in</strong></span> <span class='ocrx_word' id='word_1_253' title='bbox 221 3367 279 3409; x_wconf 93' lang='lat' dir='ltr'><strong>cor</strong></span> <span class='ocrx_word' id='word_1_254' title='bbox 306 3343 420 3408; x_wconf 81' lang='lat' dir='ltr'><strong>oribus</strong></span> <span class='ocrx_word' id='word_1_255' title='bbox 442 3343 538 3406; x_wconf 83' lang='lat' dir='ltr'><strong>lunt:</strong></span> <span class='ocrx_word' id='word_1_256' title='bbox 573 3341 704 3404; x_wconf 89' lang='lat' dir='ltr'><strong>minora</strong></span> <span class='ocrx_word' id='word_1_257' title='bbox 724 3339 760 3404; x_wconf 90' lang='lat' dir='ltr'><strong>in</strong></span> <span class='ocrx_word' id='word_1_258' title='bbox 781 3340 983 3420; x_wconf 77' lang='lat' dir='ltr'><strong>majoribus,</strong></span> <span class='ocrx_word' id='word_1_259' title='bbox 1017 3340 1168 3406; x_wconf 87' lang='lat' dir='ltr'><strong>craffiora</strong></span> 
     </span>
     <span class='ocr_line' id='line_1_35' title="bbox 64 3423 1167 3522; baseline -0.003 -31"><span class='ocrx_word' id='word_1_260' title='bbox 64 3451 96 3492; x_wconf 87' lang='lat' dir='ltr'><strong>ru</strong></span> <span class='ocrx_word' id='word_1_261' title='bbox 118 3429 284 3494; x_wconf 78' lang='lat' dir='ltr'><strong>subtiliora</strong></span> <span class='ocrx_word' id='word_1_262' title='bbox 310 3449 366 3502; x_wconf 83' lang='lat' dir='ltr'><strong>ua,</strong></span> <span class='ocrx_word' id='word_1_263' title='bbox 400 3425 487 3492; x_wconf 88' lang='lat' dir='ltr'><strong>levia</strong></span> <span class='ocrx_word' id='word_1_264' title='bbox 509 3425 544 3488; x_wconf 92' lang='lat' dir='ltr'><strong>in</strong></span> <span class='ocrx_word' id='word_1_265' title='bbox 564 3423 765 3498; x_wconf 78' lang='lat' dir='ltr'><strong>levioribus,</strong></span> <span class='ocrx_word' id='word_1_266' title='bbox 799 3445 884 3510; x_wconf 87' lang='lat' dir='ltr'><strong>pura</strong></span> <span class='ocrx_word' id='word_1_267' title='bbox 904 3423 941 3488; x_wconf 92' lang='lat' dir='ltr'><strong>in</strong></span> <span class='ocrx_word' id='word_1_268' title='bbox 963 3423 1167 3522; x_wconf 64' lang='lat' dir='ltr'><strong>purioribus.</strong></span> 
     </span>
     <span class='ocr_line' id='line_1_36' title="bbox 63 3503 1166 3606; baseline -0.005 -30"><span class='ocrx_word' id='word_1_269' title='bbox 63 3515 148 3576; x_wconf 87' lang='lat' dir='ltr'><strong>llaec</strong></span> <span class='ocrx_word' id='word_1_270' title='bbox 169 3511 263 3576; x_wconf 88' lang='lat' dir='ltr'><strong>enim</strong></span> <span class='ocrx_word' id='word_1_271' title='bbox 284 3509 398 3575; x_wconf 85' lang='lat' dir='ltr'><strong>omnia</strong></span> <span class='ocrx_word' id='word_1_272' title='bbox 421 3507 593 3584; x_wconf 73' lang='lat' dir='ltr'><strong>sensibilia,</strong></span> <span class='ocrx_word' id='word_1_273' title='bbox 615 3508 698 3572; x_wconf 89' lang='lat' dir='ltr'><strong>licut</strong></span> <span class='ocrx_word' id='word_1_274' title='bbox 719 3507 820 3570; x_wconf 84' lang='lat' dir='ltr'><strong>etiam</strong></span> <span class='ocrx_word' id='word_1_275' title='bbox 838 3503 1076 3606; x_wconf 62' lang='lat' dir='ltr'><strong>intelligibilia,</strong></span> <span class='ocrx_word' id='word_1_276' title='bbox 1098 3506 1166 3572; x_wconf 83' lang='lat' dir='ltr'><strong>luia</strong></span> 
     </span>
     <span class='ocr_line' id='line_1_37' title="bbox 64 3587 1206 3692; baseline -0.004 -34"><span class='ocrx_word' id='word_1_277' title='bbox 64 3595 204 3692; x_wconf 73' lang='lat' dir='ltr'><strong>propriis</strong></span> <span class='ocrx_word' id='word_1_278' title='bbox 232 3591 342 3671; x_wconf 86' lang='lat' dir='ltr'><strong>locia,</strong></span> <span class='ocrx_word' id='word_1_279' title='bbox 373 3593 414 3658; x_wconf 87' lang='lat' dir='ltr'><strong>id</strong></span> <span class='ocrx_word' id='word_1_280' title='bbox 445 3591 509 3669; x_wconf 83' lang='lat' dir='ltr'><strong>est,</strong></span> <span class='ocrx_word' id='word_1_281' title='bbox 543 3591 751 3656; x_wconf 74' lang='lat' dir='ltr'><strong>naturalibus</strong></span> <span class='ocrx_word' id='word_1_282' title='bbox 774 3589 1038 3678; x_wconf 79' lang='lat' dir='ltr'><strong>diffinitionrbua</strong></span> <span class='ocrx_word' id='word_1_283' title='bbox 1061 3587 1169 3658; x_wconf 90' lang='lat' dir='ltr'><strong>conti·</strong></span> <span class='ocrx_word' id='word_1_284' title='bbox 1202 3631 1206 3638; x_wconf 91' lang='lat'><em>-</em></span> 
     </span>
     <span class='ocr_line' id='line_1_38' title="bbox 65 3676 508 3742; baseline -0.007 0"><span class='ocrx_word' id='word_1_285' title='bbox 65 3701 132 3742; x_wconf 87' lang='lat' dir='ltr'><strong>oen</strong></span> <span class='ocrx_word' id='word_1_286' title='bbox 165 3701 246 3742; x_wconf 80' lang='lat' dir='ltr'><strong>vera</strong></span> <span class='ocrx_word' id='word_1_287' title='bbox 270 3676 357 3742; x_wconf 87' lang='lat' dir='ltr'><strong>ratio</strong></span> <span class='ocrx_word' id='word_1_288' title='bbox 380 3679 508 3741; x_wconf 86' lang='lat' dir='ltr'><strong>edocet.</strong></span> 
     </span>
    </p>

    <p class='ocr_par' dir='ltr' id='par_1_9' title="bbox 62 3754 1242 4280">
     <span class='ocr_line' id='line_1_39' title="bbox 119 3754 1165 3842; baseline -0.007 -16"><span class='ocrx_word' id='word_1_289' title='bbox 119 3773 171 3842; x_wconf 59' lang='grc' dir='ltr'>ω</span> <span class='ocrx_word' id='word_1_290' title='bbox 199 3765 243 3826; x_wconf 82' lang='grc' dir='ltr'><strong>Ι).</strong></span> <span class='ocrx_word' id='word_1_291' title='bbox 271 3763 345 3826; x_wconf 87' lang='lat' dir='ltr'><strong>Nec</strong></span> <span class='ocrx_word' id='word_1_292' title='bbox 372 3759 455 3824; x_wconf 91' lang='lat' dir='ltr'><strong>huic</strong></span> <span class='ocrx_word' id='word_1_293' title='bbox 476 3754 683 3825; x_wconf 87' lang='lat' dir='ltr'><strong>conclufioni</strong></span> <span class='ocrx_word' id='word_1_294' title='bbox 701 3755 824 3834; x_wconf 85' lang='lat' dir='ltr'><strong>relisto,</strong></span> <span class='ocrx_word' id='word_1_295' title='bbox 854 3759 936 3822; x_wconf 89' lang='lat' dir='ltr'><strong>dum</strong></span> <span class='ocrx_word' id='word_1_296' title='bbox 957 3777 1030 3821; x_wconf 90' lang='lat' dir='ltr'><strong>eam</strong></span> <span class='ocrx_word' id='word_1_297' title='bbox 1050 3777 1165 3838; x_wconf 84' lang='lat' dir='ltr'><strong>veram</strong></span> 
     </span>
     <span class='ocr_line' id='line_1_40' title="bbox 66 3832 1234 3920; baseline -0.006 -12"><span class='ocrx_word' id='word_1_298' title='bbox 66 3845 123 3908; x_wconf 83' lang='lat' dir='ltr'><strong>elle</strong></span> <span class='ocrx_word' id='word_1_299' title='bbox 141 3843 265 3912; x_wconf 82' lang='lat' dir='ltr'><strong>video:</strong></span> <span class='ocrx_word' id='word_1_300' title='bbox 293 3845 350 3908; x_wconf 85' lang='lat' dir='ltr'><strong>led</strong></span> <span class='ocrx_word' id='word_1_301' title='bbox 369 3845 467 3911; x_wconf 81' lang='lat' dir='ltr'><strong>valde</strong></span> <span class='ocrx_word' id='word_1_302' title='bbox 487 3841 591 3908; x_wconf 90' lang='lat' dir='ltr'><strong>miror</strong></span> <span class='ocrx_word' id='word_1_303' title='bbox 612 3862 672 3906; x_wconf 89' lang='lat' dir='ltr'><strong>cur</strong></span> <span class='ocrx_word' id='word_1_304' title='bbox 692 3837 728 3904; x_wconf 94' lang='lat' dir='ltr'><strong>in</strong></span> <span class='ocrx_word' id='word_1_305' title='bbox 750 3849 967 3906; x_wconf 82' lang='lat' dir='ltr'><strong>communem</strong></span> <span class='ocrx_word' id='word_1_306' title='bbox 987 3838 1084 3910; x_wconf 86' lang='lat' dir='ltr'><strong>usum</strong></span> <span class='ocrx_word' id='word_1_307' title='bbox 1105 3832 1166 3902; x_wconf 89' lang='lat' dir='ltr'><strong>hu·</strong></span> <span class='ocrx_word' id='word_1_308' title='bbox 1225 3909 1234 3920; x_wconf 52' lang='lat'>‚</span> 
     </span>
     <span class='ocr_line' id='line_1_41' title="bbox 64 3921 1165 4014; baseline -0.005 -22"><span class='ocrx_word' id='word_1_309' title='bbox 64 3950 178 3994; x_wconf 83' lang='lat' dir='ltr'><strong>manae</strong></span> <span class='ocrx_word' id='word_1_310' title='bbox 205 3927 297 3994; x_wconf 83' lang='lat' dir='ltr'><strong>vitae</strong></span> <span class='ocrx_word' id='word_1_311' title='bbox 325 3924 499 4014; x_wconf 82' lang='lat' dir='ltr'><strong>pervenit,</strong></span> <span class='ocrx_word' id='word_1_312' title='bbox 530 3941 571 3991; x_wconf 92' lang='lat' dir='ltr'><strong>ut</strong></span> <span class='ocrx_word' id='word_1_313' title='bbox 597 3921 711 3993; x_wconf 85' lang='lat' dir='ltr'><strong>omnia</strong></span> <span class='ocrx_word' id='word_1_314' title='bbox 740 3927 823 3990; x_wconf 88' lang='lat' dir='ltr'><strong>bace</strong></span> <span class='ocrx_word' id='word_1_315' title='bbox 844 3945 985 4012; x_wconf 88' lang='lat' dir='ltr'><strong>corpora</strong></span> <span class='ocrx_word' id='word_1_316' title='bbox 1003 3923 1070 3988; x_wconf 87' lang='lat' dir='ltr'><strong>five</strong></span> <span class='ocrx_word' id='word_1_317' title='bbox 1089 3941 1165 3988; x_wconf 86' lang='lat' dir='ltr'><strong>coe·</strong></span> 
     </span>
     <span class='ocr_line' id='line_1_42' title="bbox 62 4005 1166 4099; baseline -0.002 -25"><span class='ocrx_word' id='word_1_318' title='bbox 62 4009 167 4090; x_wconf 75' lang='lat' dir='ltr'><strong>lollio,</strong></span> <span class='ocrx_word' id='word_1_319' title='bbox 197 4013 265 4078; x_wconf 84' lang='lat' dir='ltr'><strong>five</strong></span> <span class='ocrx_word' id='word_1_320' title='bbox 294 4009 399 4092; x_wconf 87' lang='lat' dir='ltr'><strong>aeria,</strong></span> <span class='ocrx_word' id='word_1_321' title='bbox 429 4012 499 4076; x_wconf 82' lang='lat' dir='ltr'><strong>lire</strong></span> <span class='ocrx_word' id='word_1_322' title='bbox 526 4007 697 4099; x_wconf 81' lang='lat' dir='ltr'><strong>aquatica,</strong></span> <span class='ocrx_word' id='word_1_323' title='bbox 728 4008 794 4074; x_wconf 78' lang='lat' dir='ltr'><strong>line</strong></span> <span class='ocrx_word' id='word_1_324' title='bbox 817 4023 965 4086; x_wconf 89' lang='lat' dir='ltr'><strong>terrena,</strong></span> <span class='ocrx_word' id='word_1_325' title='bbox 995 4005 1166 4074; x_wconf 88' lang='lat' dir='ltr'><strong>minorum</strong></span> 
     </span>
     <span class='ocr_line' id='line_1_43' title="bbox 64 4089 1242 4184; baseline 0.003 -26"><span class='ocrx_word' id='word_1_326' title='bbox 64 4093 149 4159; x_wconf 78' lang='lat' dir='ltr'><strong>intra</strong></span> <span class='ocrx_word' id='word_1_327' title='bbox 181 4095 216 4162; x_wconf 84' lang='lat' dir='ltr'><strong>lc</strong></span> <span class='ocrx_word' id='word_1_328' title='bbox 242 4115 421 4184; x_wconf 85' lang='lat' dir='ltr'><strong>corporum</strong></span> <span class='ocrx_word' id='word_1_329' title='bbox 451 4095 526 4160; x_wconf 88' lang='lat' dir='ltr'><strong>loca</strong></span> <span class='ocrx_word' id='word_1_330' title='bbox 555 4093 618 4158; x_wconf 82' lang='lat' dir='ltr'><strong>effe</strong></span> <span class='ocrx_word' id='word_1_331' title='bbox 639 4090 750 4158; x_wconf 86' lang='lat' dir='ltr'><strong>dicere</strong></span> <span class='ocrx_word' id='word_1_332' title='bbox 770 4092 979 4160; x_wconf 79' lang='lat' dir='ltr'><strong>consuescat:</strong></span> <span class='ocrx_word' id='word_1_333' title='bbox 1010 4089 1166 4178; x_wconf 77' lang='lat' dir='ltr'><strong>quemad·</strong></span> <span class='ocrx_word' id='word_1_334' title='bbox 1237 4113 1242 4121; x_wconf 90' lang='lat'>·</span> 
     </span>
     <span class='ocr_line' id='line_1_44' title="bbox 66 4165 1190 4280; baseline -0.005 -34"><span class='ocrx_word' id='word_1_335' title='bbox 66 4181 205 4248; x_wconf 84' lang='lat' dir='ltr'><strong>modum</strong></span> <span class='ocrx_word' id='word_1_336' title='bbox 230 4179 280 4247; x_wconf 84' lang='lat' dir='ltr'><strong>nil</strong></span> <span class='ocrx_word' id='word_1_337' title='bbox 306 4179 399 4250; x_wconf 85' lang='lat' dir='ltr'><strong>aliud</strong></span> <span class='ocrx_word' id='word_1_338' title='bbox 420 4179 483 4248; x_wconf 80' lang='lat' dir='ltr'><strong>elle</strong></span> <span class='ocrx_word' id='word_1_339' title='bbox 504 4177 652 4246; x_wconf 77' lang='lat' dir='ltr'><strong>aestimat</strong></span> <span class='ocrx_word' id='word_1_340' title='bbox 670 4165 788 4249; x_wconf 73' lang='grc' dir='ltr'>οὐσίαν</span> <span class='ocrx_word' id='word_1_341' title='bbox 808 4191 940 4268; x_wconf 80' lang='lat' dir='ltr'><strong>praeter</strong></span> <span class='ocrx_word' id='word_1_342' title='bbox 958 4176 1026 4244; x_wconf 88' lang='lat' dir='ltr'><strong>boc</strong></span> <span class='ocrx_word' id='word_1_343' title='bbox 1044 4191 1190 4280; x_wconf 75' lang='lat' dir='ltr'><strong>corpur¹</strong></span> 
     </span>
    </p>
   </div>
   <div class='ocr_carea' id='block_1_7' title="bbox 0 0 1480 4824">
    <p class='ocr_par' dir='ltr' id='par_1_10' title="bbox 0 0 1480 4824">
     <span class='ocr_line' id='line_1_45' title="bbox 0 0 1480 4824; baseline 0 3"><span class='ocrx_word' id='word_1_344' title='bbox 0 0 1480 4824; x_wconf 95' lang='lat' dir='ltr'><strong> </strong></span> 
     </span>
    </p>
   </div>
  </div>
 </body>
</html>
