3036 4862
205 249 208 254 ·
307 221 385 306 aot
642 231 698 304 De
718 223 1095 330 ornamentorum.

299 415 472 486 naturalia
491 414 741 484 constitutionis
762 419 873 518 aliqua
894 417 1066 484 occadone
1086 431 1278 519 corruptam
1295 417 1438 488 habue-

310 503 374 570 ritt
392 518 506 566 motus
526 501 789 588 intelligentiae,
812 507 848 567 td
870 503 931 578 est,
952 517 1066 566 motua
1087 499 1191 566 animr
1214 503 1251 567 in
1271 525 1310 568 ea
1325 521 1437 590 parte

310 608 396 686 quae
417 586 453 649 in
475 606 607 671 organo·
621 586 866 674 corrumpitur,
890 585 1031 662 titubat,
1052 587 1119 652 hoc
1134 587 1195 660 eli,
1217 586 1437 652 administra·

313 667 416 746 tronia
447 667 522 732 suae
549 668 710 734 virtutem
737 667 944 734 manifestare
972 689 1045 734 non
1072 669 1202 754 potest:
1233 674 1436 756 nonquod

310 751 369 817 ille
397 751 529 816 animoa
562 751 714 828 deficiat,
749 754 805 842 led
835 755 928 840 quod
958 752 1015 816 illa
1036 760 1112 839 para
1133 751 1239 818 animi
1258 754 1435 820 virtutem

309 835 459 923 recipere
481 838 691 922 nonf'ual'eat.
752 866 757 884 ι
1221 875 1226 888 ·

242 935 245 961 ¹
326 949 329 959 ·
378 939 426 983 ra.
462 917 634 1005 Quoniam
654 939 735 984 vero
757 917 974 983 necellarium
997 918 1041 982 est
1060 921 1243 984 humanam
1265 934 1434 986 naturam

311 1001 492 1090 diligenter
512 1003 734 1076 considerare,
758 1001 1058 1090 indubitanterque
1078 1001 1268 1069 diacerne're
1284 1003 1368 1090 quid
1390 1004 1432 1070 in

311 1109 349 1151 ea
372 1090 422 1151 ad·
434 1083 617 1172 imaginem
638 1086 703 1150 D'ei
726 1101 759 1148 et
778 1085 1050 1172 similitudinem,
1072 1087 1140 1150 hoc
1162 1085 1223 1162 est,
1246 1089 1288 1150 ad
1305 1086 1435 1174 imagi·

310 1193 390 1236 nem
410 1169 549 1234 li'mile'm
569 1185 717 1235 creatum
729 1170 783 1246 lit,
807 1183 841 1232 et
861 1169 942 1255 quid
959 1168 1176 1234 fimilitudine
1191 1167 1329 1234 divinae
1343 1169 1434 1235 ima·

311 1253 402 1340 ginia
431 1254 533 1340 longe
561 1253 598 1317 in
631 1273 668 1318 ea
692 1252 806 1320 ditat:
838 1256 988 1330 ejuadern
1010 1248 1214 1317 tcienriffimi
1238 1269 1273 1316 et
1293 1253 1433 1339 sapien·

310 1333 423 1401 tillimi
443 1335 604 1434 magistri,
625 1334 780 1422 Gregorii
802 1333 979 1412 videlicet,
1001 1339 1103 1400 'verba
1118 1335 1263 1400 inserere
1279 1337 1429 1423 placuit.

310 1419 368 1486 tit
397 1441 475 1518 ergo
505 1443 542 1484 rn
574 1420 819 1486 decimosexto
841 1420 991 1507 capitulo
1012 1419 1174 1484 sermonia
1196 1421 1239 1484 de
1259 1420 1430 1520 Imagine.

300 1501 552 1590 ··‚‚Recip1amtta
572 1502 696 1568 iterum
719 1501 871 1566 divinam
892 1523 1029 1580 vocem,
1064 1502 1227 1568 faciantur
1247 1504 1432 1570 hommem

311 1590 353 1652 ad
374 1585 557 1673 imaginem
582 1603 616 1651 et
636 1584 889 1650 similitudinem
910 1585 1063 1654 nostram.
1115 1587 1298 1672 Quomodo
1320 1609 1430 1674 parva

241 1707 245 1720 ·
309 1685 344 1734 ct
364 1669 505 1756 indigna
529 1667 807 1756 magnanimitate
827 1669 975 1734 hominia
999 1691 1040 1734 ex
1052 1668 1106 1732 hia
1122 1691 1208 1757 qnae
1224 1685 1315 1734 extra
1331 1671 1429 1746 lunt,

309 1753 446 1851 puidam
469 1751 695 1840 imaginavere
715 1750 967 1838 comparatione
985 1755 1027 1817 ad
1043 1756 1137 1820 hunc
1151 1755 1317 1819 mundum
1331 1755 1428 1841 quali

267 1881 270 1892 .
308 1836 440 1934 inipso
463 1835 631 1912 existeret,
665 1837 839 1900 hominem
859 1833 1142 1923 magnificantes?
1172 1837 1309 1900 Dicitur
1329 1837 1428 1901 enim

306 1921 481 1984 hommem
501 1941 644 2006 parvum
665 1923 833 2005 mundum
857 1921 941 1996 elie,
972 1941 1019 2002 vex
1040 1919 1178 1995 iiadem,
1203 1918 1326 2006 quibua
1345 1921 1428 1984 uni-

309 2003 454 2078 versum,
472 2003 647 2068 elementia
668 2004 909 2075 confidentem.
952 2005 1038 2090 Nam
1082 2002 1119 2066 ui
1141 2019 1340 2068 ornamento
1361 2024 1427 2068 no·

304 2085 410 2151 minio
432 2089 532 2152 talem
553 2089 689 2152 laudem
710 2089 878 2170 humanae
899 2102 1039 2152 naturae
1055 2025 1206 2162 ionant,
1230 2085 1327 2150 obliti
1342 2087 1425 2150 lunt

307 2169 521 2256 semetips003
550 2170 587 2235 in
617 2169 882 2268 proprietatibua
913 2192 998 2256 quae
1019 2169 1107 2237 circa
1129 2168 1272 2236 culicem
1294 2185 1331 2251 et
1346 2191 1425 2234 rnu-

306 2275 381 2318 rem
409 2254 503 2328 sunt,
527 2256 765 2318 *venerabilem
793 2252 966 2318 hominem
998 2251 1170 2316 facientea.
1196 2253 1357 2317 ‘Etenim
1384 2268 1425 2318 et

191 2407 195 2418 p
307 2333 374 2400 illia
392 2358 431 2398 ex
451 2335 504 2399 hia
514 2337 658 2422 quatuor
668 2335 841 2401 concretio
864 2335 933 2399 elic
948 2355 992 2432 ⁶⁰.
1010 2337 1103 2422 quod
1125 2333 1267 2400 omnino
1288 2335 1324 2399 in
1346 2347 1434 2400 uno

307 2417 517 2482 exilientium
547 2434 605 2482 aut
630 2441 670 2482 ex
690 2417 844 2505 pluribus
868 2433 926 2481 aut
945 2417 1134 2498 mrnoribua
1155 2421 1318 2504 quaedam
1339 2440 1419 2505 por·

306 2501 356 2566 tio
377 2501 465 2564 circa
488 2499 674 2566 animatum
696 2502 941 2578 consideratur.
961 2507 1081 2566 ‘eorum
1103 2501 1172 2564 line
1188 2499 1316 2588 quibua
1338 2521 1422 2566 con-

306 2583 435 2648 liliendi
458 2583 586 2670 aliquid
608 2604 648 2647 err
666 2582 722 2647 ‘hia
744 2597 830 2670 quae
852 2583 983 2648 lenium
1004 2582 1232 2672 participant,
1262 2599 1420 2651 naturam

303 2689 376 2732 non
405 2668 516 2750 habet.
561 2666 656 2752 Quid
683 2663 789 2752 igitur
818 2687 998 2764 magnum,
1032 2667 1056 2730 fi
1086 2665 1261 2740 hominem
1283 2668 1419 2734 arbitre-

304 2773 382 2814 mur
401 2747 522 2814 mundi
535 2752 733 2814 'charactera
757 2761 792 2814 et
813 2747 1067 2830 similitudinem
1090 2750 1170 2828 elie,
1189 2753 1306 2818 ··coeto
1325 2772 1421 2838 prae·

189 2875 194 2884 ,
294 2843 478 2911 'tereunte,
498 2847 589 2896 terra
608 2847 757 2909 mutata,
781 2827 1007 2918 omnibuaque
1051 2853 1114 2898 nae
1134 2831 1171 2898 in
1192 2833 1246 2898 hia
1266 2855 1419 2934 compre·
1496 2861 1497 2864 ¹

294 2919 520 2992 ‘henduntun
547 2925 637 2981 'curn
669 2909 815 2980 iranaitu
834 2919 1040 3001 comprehen
1068 2915 1154 2982 entia
1171 2933 1417 3003 praetereunti·
1496 2961 1497 2988 r

303 2999 394 3065 buo?
424 2989 492 3063 Sed
521 2997 558 3063 in
588 3001 778 3088 quo·iuxto
807 2989 1053 3065 ecolefiasticam
1081 2999 1248 3066 rationem
1267 3000 1416 3066 bumana

302 3080 504 3182 magnitudo
535 3082 595 3158 est,
630 3095 704 3146 non'
733 3082 769 3148 in
791 3081 862 3229 ipsa
884 3084 926 3146 ad
940 3099 1095 3163 creatum
1116 3086 1285 3154 mundum
1305 3083 1414 3148 omiti-

302 3169 440 3241 tudrne,
475 3165 535 3309 iet}-
551 3165 597 3230 in
617 3164 698 3310 iptio
844 3165 1030 3232 secundum
1062 3165 1246 3252 imaginem
1275 3183 1415 3231 naturae

302 3247 494 3315 conditoria
529 3263 641 3327 actae
668 3293 677 3311 .

749 3185 793 3228 uo

721 3188 818 3335 Quae
838 3248 883 3311 eli
902 3247 1007 3334 igitur
1026 3247 1185 3336 imaginis
1206 3247 1314 3326 ratio,
1346 3271 1415 3315 me-

227 3377 243 3404 .
292 3331 369 3396 ”rito
400 3331 501 3395 dicet:
548 3332 731 3415 Quomodo
764 3327 955 3396 allimilatur
983 3332 1184 3419 incorporeo
1217 3333 1413 3420 corporale?

303 3415 487 3500 Quomodo
515 3412 722 3500 'iempiterno
744 3430 810 3479 tern

300 3497 566 3562 convertionem¹
581 3498 746 3562 mutabile
779 3438 841 3582 eti),

839 3415 949 3514 orele,
966 3457 967 3460 =
987 3414 1208 3514 immutabili,
1222 3459 1225 3468 ,
1239 3419 1331 3504 qnod
1354 3435 1415 3514 per

831 3515 850 3570 ·,
867 3493 1063 3584 ·rmpaffibrlr
1092 3513 1127 3562 et
1149 3497 1410 3585 incorruptibile,

192 3601 194 3610 ¹
299 3579 450 3668 paffibile
472 3593 506 3642 et
520 3580 759 3668 corruptibi103
780 3595 866 3666 puto
887 3584 927 3644 ab
945 3581 1040 3646 omni
1056 3579 1204 3655 malitia,
1217 3585 1316 3670 'quod
1332 3583 1413 3648 letu-

298 3685 414 3812 titt?
430 3666 725 3812 tlltlllztttl
735 3665 1410 3835 qlirlfflltllllzlrlss'rtlftll:

298 3829 365 3894 liua
387 3829 446 3916 qui
467 3830 651 3896 secundum
671 3830 855 3978 impginem
873 3769 985 3894 iictrn
1017 3830 1070 3894 eo.
1115 3833 1229 3916 Imago
1247 3833 1411 3920 equidem

298 3913 323 3976 fi
344 3913 500 3996 habuerit
521 3916 563 3978 ad
581 3913 717 4000 princip
753 3935 774 3978 e
793 3913 960 4000 exemplar
980 3911 1409 4004 fimilitudincm,1=proptie

296 3995 384 4060 illud
405 3995 505 4059 etiarn
527 3994 733 4062 nominatur.
766 3997 801 4062 Si
822 4011 908 4059 uero'
924 3991 1070 4061 imitatio
1094 3999 1134 4062 ab
1157 4003 1409 4088 eoquod‘prae-

323 4080 439 4146 onitnr
466 4077 650 4157 distaverit,
681 4080 774 4146 aliud
801 4076 930 4167 aliquid
956 4093 1089 4162 utnon
1115 4080 1229 4170 imago
1251 4081 1342 4150 illiue
1364 4081 1407 4147 eli

295 4185 308 4226 r
335 4166 391 4228 ud.
437 4163 621 4249 Quomodo
639 4184 729 4252 ergo
756 4165 862 4230 horno
890 4163 1033 4231 mortale
1052 4166 1120 4232 hoc
1140 4180 1176 4232 et
1194 4163 1344 4254 paffibila
1363 4165 1409 4234 ci·
