2970 4826
299 229 381 328 ‘434
540 242 545 250 “
629 233 685 325 120
704 233 887 306 slsaui'oue
905 229 1080 308 Natum.

303 417 406 490 morlo
429 431 540 504 parter
561 416 822 508 vilissimaeque,
844 433 966 506 corpur
987 413 1150 486 videlicet
1167 439 1430 513 corporeusque

303 501 415 564 sensui
438 501 627 569 solvanturr
649 505 781 570 animae
802 520 914 570 autem
934 502 1096 570 naturalia
1113 503 1306 592 simplicitas
1322 513 1430 574 omni

304 583 695 670 compositione-libera,
723 608 935 674 nequaquam
956 585 1159 652 solutionem
1179 589 1320 676 reeipit3
1385 599 1430 660 ed

303 684 468 754 perpetuo
490 669 679 744 insolubilia
702 686 834 746 manet,
858 670 925 736 sive
946 669 1191 736 rationabiliter
1207 673 1272 754 sine
1285 673 1333 738 irr
1393 701 1429 742 o-

302 751 461 816 nabiliter
481 753 515 816 se
538 771 689 830 moveat,
712 754 774 818 nisi
794 754 882 818 sorte
904 751 1019 818 dicarit
1037 755 1131 818 hunc
1146 756 1259 822 locum
1273 759 1430 826 usufre·

306 833 519 920 quentislimo
541 836 650 902 sacrae
673 837 856 924 scripturae
878 835 1140 918 synecdocbieba
1167 839 1428 926 accipiendum,

303 934 344 981 ut
373 941 391 981 a
420 934 493 984 toto
523 941 598 1004 pare
628 919 846 1006 intelligatur.
889 920 961 986 Nec
995 920 1119 988 mirum
1139 921 1163 984 fi
1183 944 1254 988 non
1280 929 1323 990 de
1345 928 1427 1014 ipso

303 999 436 1077 animo,
471 1003 527 1068 secl
557 1005 598 1068 de
629 1005 698 1068 solo
731 1003 822 1068 virili
844 1003 921 1066 sexu
941 1002 1030 1067 intra
1052 1026 1152 1088 quem
1175 1005 1275 1072 etiam
1299 1009 1428 1076 foemi-

302 1084 388 1148 n'eua
410 1083 700 1173 consignificatur,
738 1085 816 1152 talia
829 1085 930 1160 ¹dicta
952 1087 1013 1152 elle
1036 1087 1247 1154 arbitrantur.
1289 1093 1425 1160 Poslre·

304 1189 380 1244 mo,
396 1189 465 1245 cur
485 1189 556 1236 non
579 1173 754 1234 advertant
776 1173 869 1256 quod
890 1169 925 1232 in
942 1169 1001 1236 =hii
1022 1168 1133 1234 verbis
1146 1173 1230 1258 -plua
1251 1175 1426 1244 restitutio
1466 1203 1467 1206 ¹

303 1251 453 1338 eorporis
486 1252 713 1340 promittitur,
775 1275 851 1318 uam
874 1252 997 1318 solutio
1019 1255 1073 1318 vel
1095 1253 1289 1341 corruptio?
1329 1263 1426 1327 Nam

305 1337 386 1400 alum
417 1357 540 1422 corpus
571 1276 790 1435 corruptibiie
821 1345 920 1421 atque
941 1339 1082 1402 mortale
1105 1338 1300 1416 destruitur,
1331 1361 1425 1410 tune

304 1421 346 1482 ad
375 1418 633 1505 incorruptibile
661 1422 917 1505 immortaleque
947 1435 1141 1494 revocatum
1172 1423 1308 1500 nulline,
1325 1429 1424 1492 enim

303 1523 344 1566 co
387 1523 425 1567 ua
457 1501 493 1568 in
527 1502 842 1589 corruptionem-est
862 1503 1083 1568 reversurum.
1126 1501 1204 1570 Non
1230 1528 1309 1604 ergo
1332 1514 1423 1576 haec

218 1645 220 1652 ,
301 1607 362 1650 ver
387 1607 405 1650 a
429 1585 581 1650 reditum
612 1587 648 1650 in
679 1589 766 1651 banc
797 1601 937 1660 terram,
976 1587 1033 1650 sed
1066 1585 1179 1671 potius
1208 1594 1361 1656 reditum
1385 1595 1421 1658 iii

300 1665 691 1744 siritualernnatura'm
722 1667 946 1758 praesagiunt.
991 1669 1057 1734 sed
1087 1669 1189 1758 eligat
1218 1672 1293 1756 quia
1348 1681 1421 1742 uod

302 1693 475 1836 siqnatur:
499 1773 562 1837 ogo
584 1763 695 1816 autem
718 1755 809 1838 quod
831 1749 915 1814 inihi
942 1749 1150 1816 verisimilius
1173 1753 1280 1818 visum
1299 1699 1356 1831 esi,
1379 1783 1420 1824 eit

302 1835 495 1900 sanctorum
517 1850 649 1924 patrum
672 1833 863 1908 sententiis,
891 1833 1052 1898 Ambrosii
1075 1832 1151 1900 dico
1172 1853 1206 1900 et
1226 1842 1419 1925 Augustini,

301 1939 438 1984 necnon
469 1933 504 1982 et
532 1917 732 1982 reiterabilia
764 1916 918 2003 Gregorii
939 1917 1146 1982 Naa'iannerri
1161 1919 1227 2004 ,qui
1248 1939 1282 1986 et
1304 1927 1421 2006 Nyssa-

302 2023 368 2081 nue
380 2001 426 2081 (l)
440 1999 574 2077 dicitur,
587 2001 848 2086 expositorisque
866 1998 1098 2080 ejua,Maximi
1121 2001 1280 2082 videlicet
1296 2010 1420 2086 Mona·

304 2085 380 2160 chi,
403 2083 674 2170 ratiocinationis
691 2085 898 2150 occasionem
924 2085 1076 2158 sumens,
1106 2085 1167 2150 tibi
1189 2087 1417 2175 interroganti

301 2167 492 2254 partimque
523 2167 706 2256 exponenti
739 2166 875 2254 protuli.
918 2171 965 2230 Er
992 2189 1095 2252 quum
1117 2169 1289 2254 prolixitas
1312 2177 1417 2252 hujus

300 2251 485 2316 voluminis
530 2255 670 2318 uaedam
688 2273 735 2314 ex
756 2251 811 2314 hie
834 2253 875 2314 de
895 2251 1017 2336 quibua
1039 2251 1075 2316 in
1099 2257 1171 2332 ejus
1193 2255 1332 2320 exordio
1350 2279 1413 2322 noi

301 2335 451 2398 dicturoa
481 2274 543 2396 elie
571 2333 800 2420 promisimus,
836 2355 995 2410 nuncet
1023 2355 1124 2404 onere
1151 2357 1221 2402 non
1250 2340 1412 2415 admittit,

185 2447 189 2480 2
298 2416 337 2479 in
370 2415 472 2486 alium
500 2415 624 2481 librum
656 2416 840 2480 differenda
869 2416 954 2482 sunt.
1033 2418 1183 2484 eredita
1205 2421 1332 2507 quippe
1358 2447 1413 2510 iga·

299 2515 449 2562 tutatum
471 2495 507 2562 in
530 2498 761 2584 primordiales
786 2499 918 2576 causas,
942 2500 1046 2588 inque
1069 2524 1140 2566 eant
1152 2519 1306 2570 naturam
1325 2527 1412 2591 quae

298 2603 364 2646 nec
385 2595 475 2646 creat
495 2602 559 2644 nec
580 2596 839 2670 creaturgqnae
859 2584 1012 2666 profecto
1034 2589 1125 2648 Deua
1146 2583 1206 2662 est',
1235 2587 1336 2652 latiur
1361 2589 1410 2654 in·

241 2699 244 2706 ·
299 2677 349 2728 tra
369 2668 469 2745 hujus
490 2661 569 2728 libri
589 2663 752 2728 terminos
776 2679 916 2730 tractare
937 2667 1184 2752 proposuimus.
1212 2669 1278 2734 Se'd
1304 2671 1327 2734 fi
1350 2671 1411 2736 iiii·

298 2749 431 2834 patieris
455 2767 488 2810 ea
511 2749 620 2820 donec
642 2750 683 2814 de
706 2747 822 2812 divina
843 2767 963 2813 natura
984 2771 1186 2836 cognoscat,
1220 2775 1284 2838 qua
1306 2755 1410 2820 ratio·
1466 2821 1467 2826 ,

297 2853 342 2898 ne
363 2854 428 2898 nec
448 2847 560 2896 creare
580 2851 645 2896 nec
667 2831 771 2895 creari
793 2831 937 2906 dicitur,
961 2833 1106 2898 breviter
1127 2836 1331 2920 praelibabo.

361 2933 411 2994 27.
433 2914 562 2980 Divina
581 2913 696 3000 itaque
718 2931 835 2980 natura
858 2931 1035 3002 propterea
1056 2917 1204 2982 creditur
1224 2939 1295 2982 nou
1319 2942 1408 2984 crea·
1466 2925 1467 2998 l

296 2999 343 3076 ri,
374 3023 477 3086 quum
510 2998 684 3084 primitiva
707 2997 859 3064 omnium
884 2997 980 3064 causa
1003 2999 1063 3074 est,
1102 3003 1312 3088 ultraquam
1334 3006 1411 3068 nri]-

295 3085 367 3148 lum
390 3079 598 3168 principium
621 3082 683 3156 esi,
707 3104 725 3146 a
747 3103 814 3168 quo
835 3081 934 3167 possit
955 3083 1070 3148 creari.
1104 3086 1218 3169 Quum
1239 3107 1320 3150 vero
1337 3088 1418 3182 post*

274 3167 443 3233 ,reditum
470 3165 698 3230 universitatia
728 3164 886 3231 conditae
914 3165 1095 3230 visibilium
1127 3183 1161 3230 et
1188 3167 1410 3234 invisibilium

275 3237 333 3338 lq'n
364 3251 437 3314 suaa
465 3247 698 3334 primordiales
728 3249 862 3322 causas,
893 3248 1036 3334 quaein
1061 3249 1130 3336 ipsa
1153 3249 1270 3314 divina
1288 3251 1409 3330 videli-

203 3333 227 3372 '·
295 3348 351 3397 cet
371 3348 491 3407 tratura
512 3331 752 3406 continentur,
793 3333 886 3396 nulla
908 3331 1048 3396 ulterius
1070 3349 1189 3396 natura
1211 3356 1250 3398 ex
1272 3356 1311 3398 ea
1331 3357 1409 3421 pro-

296 3415 483 3488 creabitur,
513 3415 570 3478 seu
597 3413 633 3480 iri
666 3413 791 3512 speclea
812 3415 978 3480 sensibiles
999 3413 1274 3502 intelligibilesve
1294 3419 1410 3482 multi·

292 3497 504 3586 plicabitur3·
524 3520 602 3562 iiam
622 3496 659 3561 in
681 3498 751 3583 ipsa
772 3519 881 3562 unum
902 3513 1018 3574 erunt,
1059 3499 1141 3563 sicut
1161 3521 1254 3564 nunc
1274 3497 1312 3564 in
1329 3523 1408 3566 caii-
1466 3547 1467 3568 i

292 3585 334 3648 sia
355 3605 463 3650 uuum
484 3581 583 3662 sunt3
621 3602 691 3646 non
714 3579 883 3646 immerito
904 3581 992 3646 nihil
1013 3599 1180 3648 creare1'et
1202 3579 1353 3647 creditiir
1375 3601 1409 3650 et

292 3665 506 3750 intelligitur.
551 3665 644 3762 Quid
666 3663 756 3729 enim
779 3664 925 3742 creabit,
949 3668 1028 3728 duni
1052 3665 1165 3730 omnia
1185 3663 1221 3738 in
1244 3667 1408 3732 omnibns

292 3749 363 3834 ipsa
392 3749 459 3813 sola
489 3749 618 3812 suerit?
653 3751 769 3834 ltaque
790 3747 814 3812 si
834 3747 897 3813 tibi
917 3747 1073 3824 videtur,
1110 3751 1209 3829 hujtia
1229 3747 1308 3813 libri
1330 3773 1407 3836 pro·

279 3829 411 3919 'gressio
437 3834 561 3918 pedem
592 3835 757 3908 retrabat,
789 3853 834 3896 ne
856 3829 991 3979 lougius
1010 3831 1158 3900 incedat.
1199 3833 1243 3900 D.
1264 3831 1408 3902 viderur

211 3996 214 4004 Α
291 3919 411 4001 plane,
432 3933 466 3982 ct
485 3919 683 4000 jamdudum
704 3913 809 3980 finem
828 3915 923 4000 postu
937 3929 982 3980 at.
