2952 4824
285 239 351 316 ta
622 241 677 314 De
696 243 879 314 Dauom
898 237 1073 315 Numae.

285 451 367 498 men
395 431 436 494 ab
464 427 566 494 initio
595 427 770 518 temporis!
784 443 885 515 atque
904 444 1045 494 naturae
1066 425 1181 515 coepit
1201 427 1266 494 elie
1283 441 1402 494 aucto*

273 515 375 582 ritas.
418 513 519 578 Ratio
537 533 619 578 vero
643 507 722 580 cuin
742 527 864 578 natura
884 533 924 578 ac
943 527 1096 600 tempore
1116 533 1159 577 ex
1174 535 1287 578 rernm
1305 511 1402 599 prin·

285 596 377 684 cipio
406 612 480 662 orta
509 595 563 662 est.
605 599 648 662 D.
679 599 725 660 Et
743 598 810 662 hoc
831 594 902 681 ipsa
922 595 1009 670 ratio
1032 599 1163 662 edocet.
1204 595 1402 669 Auctoritas

283 679 446 768 siquidem
468 702 508 744 ex
528 701 609 744 vera
628 679 761 745 ratione
780 677 944 766 prooeffit,
973 677 1060 746 ratio
1082 700 1163 744 vero
1183 701 1403 767 nequaquam

284 787 325 830 ex
343 763 556 829 auctoritate.
600 763 720 828 Omnis
753 778 865 828 autem
885 762 1068 830 auctoritas
1091 783 1177 851 quae
1197 785 1276 830 vera
1297 761 1404 828 ratio·

283 869 329 914 ne
349 869 421 913 non
443 850 665 933 approbatur,
687 845 821 912 infirma
841 846 978 916 videtur
999 848 1072 912 effe.
1114 849 1198 914 Vera
1222 863 1336 912 autem
1349 868 1404 912 ra·

284 931 354 1005 tio,
377 953 482 1018 quum
502 929 685 996 virtutibus
706 930 773 994 suis
793 945 865 994 rata
885 947 985 1018 atque
997 929 1218 998 immutabilis
1230 929 1401 1005 munitur,

282 1014 411 1082 nullius
448 1013 658 1079 auctoritatis
694 1012 928 1100 astipulatione
956 1014 1108 1080 roborari
1141 1014 1215 1082 indi
1241 1031 1283 1080 et.
1340 1012 1403 1078 Nil

285 1096 378 1162 eninr
399 1095 492 1162 aliud
510 1096 647 1164 videtur
665 1095 751 1162 mihi
774 1098 835 1162 elle
855 1119 934 1163 vera
957 1097 1156 1175 auctoritas,
1179 1039 1403 1162 mirationis

283 1179 413 1245 virtute
435 1197 595 1268 cooperta
615 1181 759 1256 veritae,
783 1195 818 1246 et
838 1201 857 1244 a
878 1179 977 1246 sacris
997 1180 1149 1329 {utribus
1170 1185 1213 1247 ad
1229 1180 1403 1280 posterita-

214 1289 227 1346 ι
284 1263 328 1329 tis
359 1263 542 1330 utilitatem
574 1264 681 1329 literis
711 1267 955 1329 commendata.
1024 1268 1067 1330 ed
1094 1265 1183 1330 forte
1217 1264 1282 1330 ubi
1303 1263 1404 1328 aliter

282 1345 430 1412 videtur.
472 1351 522 1414 M.
557 1349 662 1414 Nullo
687 1351 804 1414 modo.
847 1351 996 1436 Ideoque
1026 1346 1121 1435 prius
1149 1348 1282 1414 ratione
1302 1363 1404 1411 uten-

283 1433 366 1498 dum
388 1432 432 1497 est
453 1432 491 1498 iu
512 1430 568 1497 his
611 1453 675 1497 uae
696 1453 791 1496 nuno
810 1430 950 1508 instant3
973 1453 1011 1497 ac
1034 1431 1159 1497 deinde
1184 1430 1401 1498 auctoritate.

345 1532 397 1594 72.
421 1517 465 1582 D.
488 1455 669 1603 Ingredere
690 1514 811 1614 quovis
833 1514 975 1592 ordine,
1000 1513 1052 1580 tui
1075 1515 1167 1580 enim
1186 1514 1403 1602 pediiquuus

191 1625 193 1632 ·
281 1599 366 1665 sum.
408 1601 456 1666 M.
477 1601 571 1664 Num
592 1597 656 1664 tibi
675 1601 812 1663 vadetut
830 1599 942 1664 facere
963 1613 998 1662 et
1019 1598 1093 1684 pati
1113 1600 1182 1664 sane
1201 1598 1314 1685 aliquo
1329 1617 1403 1662 mo·

285 1698 325 1748 tu
347 1681 503 1747 facientis
521 1685 576 1748 vel
598 1680 760 1769 patientis
780 1681 871 1768 polle
896 1681 987 1746 effe?
1015 1685 1057 1744 D.
1082 1684 1136 1747 De
1158 1681 1306 1746 faciente
1327 1701 1404 1744 non

285 1765 417 1832 dubito.
452 1768 575 1832 Facere
596 1764 688 1830 enim
710 1763 892 1828 facientem
916 1765 984 1829 fine
1000 1764 1113 1851 aliquo
1127 1765 1296 1830 [uomotu
1309 1765 1404 1850 polle

282 1869 354 1914 uon
384 1848 498 1915 video.
543 1850 646 1935 Quod
672 1868 753 1912 vero
784 1847 927 1933 patitur.
965 1851 1137 1934 quomodo
1164 1862 1343 1913 moveatur
1363 1846 1403 1911 in

280 1931 404 2018 [eipso.
437 1951 510 1997 uon
543 1947 612 1996 tam
647 1933 734 1996 clare
759 1943 942 2016 cognosco.
986 1933 1033 1994 M.
1055 1922 1182 1996 Nonne
1202 1930 1298 1996 vides
1320 1929 1403 2016 quia

282 2037 385 2082 omne
413 2018 508 2102 quod
536 2014 634 2090 facit,
673 2017 716 2078 ad
735 2017 802 2078 hoo
825 2013 858 2077 le
878 2029 995 2078 movet
1016 2027 1075 2078 aut
1094 2029 1268 2088 movetur,
1300 2028 1343 2076 ut
1364 2011 1403 2076 id

282 2101 376 2186 quod
405 2097 536 2186 appetit
564 2099 692 2172 lacere,
730 2099 770 2160 ab
789 2117 839 2160 ‘eo
862 2098 955 2181 quod
974 2118 1046 2162 non
1069 2111 1157 2173 erat,
1189 2095 1285 2162 inid
1306 2099 1404 2182 quod

282 2183 327 2246 est
345 2182 559 2271 ,moveaturi
592 2167 688 2244 Nihil
716 2179 810 2244 enim
839 2181 879 2242 ab
912 2200 952 2244 eo
984 2181 1077 2266 quod
1105 2201 1176 2244 non
1210 2177 1341 2244 eratin
1364 2177 1403 2244 id

304 2269 375 2330 uod
405 2266 449 2328 est
469 2265 538 2328 fine
560 2264 619 2327 luo
643 2279 678 2326 et
698 2262 809 2326 alieno
822 2275 929 2326 ‘motu
949 2263 1056 2348 potest
1077 2259 1237 2339 transire,
1272 2263 1339 2326 live
1362 2262 1402 2327 il·

280 2287 334 2412 ios
355 2363 470 2412 motus
491 2346 574 2410 sciat
589 2347 662 2408 *save
683 2345 820 2430 nesciat.
852 2346 931 2408 Non
958 2350 1025 2423 jam
1050 2345 1126 2410 dico
1148 2362 1280 2411 motum
1301 2345 1402 2410 illum

280 2431 472 2516 generalem
495 2447 797 2512 communemque,
833 2431 1020 2494 naturalem
1043 2427 1201 2494 omnibus
1224 2428 1400 2504 creaturis,

224 2561 227 2572 ,
281 2534 349 2600 quo
374 2511 489 2575 omnia
511 2513 552 2575 de
574 2509 682 2574 nihilo
705 2509 743 2572 in
765 2509 827 2572 elle
848 2527 1047 2586 moventur;
1072 2513 1128 2576 led
1143 2513 1302 2576 usitatum
1316 2527 1402 2576 tem·

278 2594 420 2682 poribus
442 2609 596 2666 motum,
619 2612 691 2678 quo·
711 2591 865 2678 quotidie
885 2594 1057 2659 mutabilis
1080 2594 1236 2671 materia,
1258 2596 1325 2659 five
1341 2617 1402 2660 na·

274 2695 355 2742 ¹tura
375 2693 557 2751 movente,
581 2676 648 2738 five
668 2689 757 2752 arte,
780 2675 904 2740 formas
928 2681 1087 2774 quasdam
1110 2677 1326 2765 qualitativas
1346 2701 1401 2744 ac·

279 2761 375 2848 cipit.
419 2763 462 2826 D.
492 2763 563 2824 lam
591 2757 779 2856 perlqicio;
818 2773 853 2822 et
878 2763 1045 2848 meipsum
1074 2761 1202 2826 nimiae
1231 2761 1426 2827 tarditatisv

277 2845 416 2916 accuso,
460 2841 520 2930 qui
548 2863 619 2913 non
650 2843 810 2906 videbam
838 2863 940 2906 omne
969 2847 1063 2930 quod
1093 2844 1239 2930 patitur,
1280 2859 1399 2910 motus

186 2958 191 2974 =
274 2928 379 3002 suos,
402 2927 460 2990 seu
481 2924 626 3001 alienos,
649 2925 707 3001 [eu
728 2941 906 3012 utrosque,
929 2927 1012 3012 pati.
1055 2930 1105 2991 M.
1130 2927 1303 2992 Faciensi
1332 2927 1402 2992 'tur

133 3045 136 3052 =
246 3004 251 3018 ‘
279 3009 465 3076 etinctum
485 3025 598 3074 motus
621 3009 698 3073 suos
720 3007 908 3094 patiuntur.
945 3012 1037 3086 ¹Nam
1060 3014 1151 3097 quod
1174 3011 1276 3086 lacit,
1300 2950 1400 3076 liium

274 3109 408 3158 motum
438 3095 480 3156 ad
519 3091 714 3157 faciendum
735 3091 874 3178 patitur.
919 3095 1023 3179 Quod
1043 3115 1124 3158 vero
1146 3093 1207 3169 fit,
1234 3095 1342 3166 ,luum
1366 3110 1401 3160 et

276 3176 427 3242 alienum
459 3175 605 3240 sustinet.
650 3179 756 3240 Suum
785 3175 941 3260 quidem,
977 3199 1017 3240 ex
1045 3199 1087 3241 eo
1117 3180 1210 3264 quod
1230 3198 1303 3242 non
1327 3193 1400 3242 erat

275 3259 313 3322 in
344 3259 381 3324 id
415 3261 508 3345 quod
529 3259 573 3322 est
594 3260 818 3322 transeundo=
850 3258 999 3323 alienum
1022 3281 1122 3335 vero,
1156 3260 1328 3346 quianon
1351 3261 1398 3328 est

248 3341 325 3406 ·lui
345 3357 458 3406 motus
476 3342 572 3406 causa
593 3363 654 3426 per
675 3341 836 3427 seipsum,
873 3342 931 3406 [ed
951 3341 1107 3406 facientis
1131 3343 1183 3416 le.
1217 3357 1277 3407 aut
1296 3360 1396 3408 natu·

274 3423 353 3489 ralis
375 3439 507 3502 motus,
531 3439 591 3488 aut
612 3424 716 3488 libera
736 3425 910 3500 voluntas,
942 3442 1000 3488 aut
1021 3427 1187 3512 quaedam
1206 3425 1392 3492 neceffitas.

275 3510 380 3593 Quod
407 3507 467 3582 fit,
497 3523 538 3570 ut
568 3505 731 3581 diximus.
763 3523 797 3570 et
822 3525 955 3573 motum
974 3509 1152 3596 proprium
1173 3525 1208 3574 et
1227 3507 1390 3586 alienum,

295 3593 366 3656 uod
385 3610 467 3654 vero
489 3588 589 3665 facit,
629 3590 805 3678 proprium
826 3591 1037 3657 solummodo
1059 3591 1208 3679 patitur;
1237 3593 1414 3690 quamvis·

271 3615 369 3772 isene
390 3671 586 3762 contingat,
609 3691 649 3739 ut
670 3677 710 3738 ab
733 3673 799 3738 alia
819 3676 916 3740 causa
932 3693 1109 3741 moveatur
1130 3678 1173 3740 ad
1188 3676 1395 3752 faciendum,

295 3780 332 3820 ua
362 3757 463 3832 facit,
497 3773 539 3824 ut
576 3772 610 3821 et
625 3757 768 3832 ¹faciens
791 3772 825 3821 et
844 3757 978 3858 patiens
999 3781 1090 3826 uuus
1111 3774 1214 3845 atque
1233 3757 1327 3826 idem
1348 3759 1396 3824 vi·

271 3781 402 3906 icatur.
415 3841 490 3909 effe.
535 3841 603 3906 Sed
622 3839 693 3939 ipse
714 3839 871 3908 lacieutrs
890 3859 1024 3920 motus,
1059 3841 1211 3932 quamvis
1233 3864 1273 3907 er
1292 3843 1395 3908 variis

274 3924 398 4000 caulis,
421 3924 488 3988 live
506 3927 737 4002 naturalibus,
758 3926 826 3991 five
845 3926 1051 4004 libentibus,
1074 3927 1142 3992 [ave
1164 3947 1237 3992 non
1256 3926 1394 3992 libenti·

271 4010 336 4072 bus
357 4023 536 4084 nascatur;
583 4025 738 4096 ropterea
758 4009 915 4107 proprius
937 4011 1085 4089 dicitur,
1140 4033 1224 4076 uum
1243 4032 1319 4076 nou
1341 4033 1394 4076 ex·

228 4123 238 4146 ·
274 4107 329 4156 tra
352 4089 479 4178 iplum,
513 4032 582 4157 leci
596 4091 634 4159 in
661 4092 735 4180 ipio
763 4091 976 4181 intelligitur.
1018 4099 1063 4160 D.
1122 4167 1124 4170 ,
1160 4093 1294 4162 cmihi
1315 4117 1335 4160 a
1357 4109 1391 4159 te

272 4173 405 4242 suasum
441 4175 505 4244 effe
532 4195 604 4244 uon
635 4177 779 4266 denego.
820 4181 969 4268 ldeoque
988 4197 1076 4270 quae
1093 4179 1217 4246 restant
1236 4192 1390 4268 expecto.
