2866 4822
425 304 430 318 .
482 255 770 339 sermocinare.
945 199 947 202 Ι
1034 255 1039 268 ’
1095 259 1175 332 467

59 441 91 506 ei
118 440 352 506 commendata
374 439 451 504 sunt
473 439 595 506 reddit.
638 438 775 505 Semina
799 439 991 526 germinum
1012 433 1174 529 seminam
1278 433 1282 442 ⁴
1309 418 1312 426 ¹

57 541 135 600 tur,
159 537 193 590 et
213 521 359 610 primurn
381 521 597 599 moriuntur:
617 523 641 588 fi
663 521 755 588 enim
777 543 848 588 non
870 521 1079 601 moriuntur,
1102 549 1173 594 non

58 606 287 672 vivificantur.
322 605 502 692 signacula
524 607 560 672 in
583 605 682 672 nobis
704 609 797 671 Deur
819 606 904 683 secia
921 608 1174 676 resurrectionis

57 713 119 778 per
148 711 194 756 un
245 711 278 754 ea
315 691 431 754 decem
453 705 488 754 et
509 693 650 765 decem,
683 688 910 756 testimonium
931 691 1111 778 perhibens
1132 697 1175 759 de

59 774 167 839 nostra
228 795 256 838 e.
301 774 366 836 Sed
396 789 431 838 et
451 773 494 838 fic
515 797 576 862 per
596 795 757 838 eoronam
779 773 900 860 capitis
949 797 1049 862 erque
1074 776 1175 862 capil-

56 860 107 924 los
142 878 187 922 no
251 879 285 922 m
314 856 592 922 resurrectionem
614 855 797 943 praedicat.
844 799 947 944 Quos
968 859 1060 924 enim
1082 859 1175 924 vide·

57 957 112 1006 tur
142 939 180 1004 in
212 939 311 1006 nobis
339 956 511 1006 mortuum
540 961 662 1026 corpus
692 943 772 1020 (boc
793 941 849 1020 esl)
880 941 993 1028 capilli
1019 942 1174 1029 quotidie

57 1023 157 1090 secati
181 1039 216 1087 et
237 1046 283 1088 un
334 1045 368 1086 es
384 1022 506 1088 iterum
526 1039 696 1100 crescent,
720 1023 944 1122 fignificantes
963 1024 1174 1092 resurrectio·

54 1109 109 1172 nia
133 1107 236 1192 spem.
280 1045 332 1170 ss
351 1127 422 1170 non
446 1107 489 1172 eil
510 1107 698 1172 fabulosum
723 1109 834 1172 dicere
853 1124 995 1255 propter
1016 1099 1173 1176 incredu-

55 1193 106 1256 los
129 1191 282 1276 exempla
304 1205 453 1254 naturae.
505 1191 684 1254 Palumbea
707 1211 784 1254 aves
807 1213 917 1255 anama
932 1192 963 1256 ia
985 1213 1055 1257 non
1078 1193 1173 1258 fimul

52 1273 218 1338 velociter
249 1272 399 1338 volantia
436 1274 630 1339 moriuntur
650 1273 858 1348 semenstres,
889 1275 1014 1362 etpost
1036 1279 1174 1363 quadra·

54 1357 149 1442 ginta
183 1357 256 1422 dies
278 1356 444 1421 continuo
465 1357 683 1422 reviviscunt.
726 1353 923 1457 Ιίἆνθαροι,
957 1361 1023 1424 hoc
1045 1359 1089 1424 esi
1109 1359 1175 1424 sca·

55 1445 177 1505 bronea
210 1441 356 1504 suturam
391 1440 440 1506 sui
469 1457 611 1506 mortem
643 1439 825 1504 sentientes
849 1463 884 1504 sn
908 1441 1077 1526 sphaeram
1101 1441 1174 1508 fimi

53 1523 199 1608 seipsos
222 1525 454 1598 abscondunt,
486 1523 684 1610 sepelientes
708 1523 819 1624 ipsane
836 1525 1006 1610 sphaeram
1028 1525 1063 1589 in
1087 1540 1174 1590 terra

54 1624 89 1671 et
119 1611 322 1681 obruentea;
354 1628 393 1672 ac
433 1609 477 1672 stc
499 1629 538 1672 cx
562 1607 619 1672 suo
642 1611 784 1672 humore
806 1624 928 1671 iterum
947 1607 1176 1674 inveniuntur

53 1713 94 1755 est
124 1689 193 1754 suis
222 1689 373 1776 reliquiis
416 1691 669 1756 reviviscentes.
713 1693 766 1756 De
786 1689 956 1756 Phaenice
977 1713 1040 1756 ave
1062 1691 1175 1758 Arabi·

53 1795 92 1840 ca
118 1775 326 1860 superfluum
346 1773 431 1838 mihi
454 1775 498 1838 est
520 1775 650 1850 diceret
673 1780 740 1856 jam
760 1795 907 1862 namque
922 1774 959 1840 in
978 1795 1073 1841 aurea
1088 1773 1177 1840 mul·

52 1873 165 1924 torum
201 1858 298 1922 venit
335 1857 487 1922 fidelium
511 1873 545 1922 et
565 1857 767 1924 infidelium.
810 1861 904 1923 Haec
925 1857 969 1922 eil
990 1873 1103 1924 autem
1125 1857 1175 1945 ip·

53 1942 116 2006 sius
146 1941 264 2016 causa,
297 1939 604 2037 quingentesimum
633 1963 760 2006 annuns
789 1963 954 2040 peragens
981 1941 1176 2028 praenoscit

54 2041 190 2122 tempus
212 2039 331 2088 mortes
354 2023 430 2086 suae
456 2022 593 2097 instaret
618 2023 806 2109 sepulcrum
824 2047 916 2088 enrm
931 2040 1090 2109 operatur
1103 2045 1182 2096 aro-a

53 2109 224 2182 metabus,
247 2105 399 2190 illudque
422 2107 533 2170 serens
555 2104 651 2168 venit
673 2106 709 2169 in
733 2107 906 2170 civitatem
928 2111 975 2172 Ae
999 2106 1173 2192 yptiorum

53 2213 141 2278 quae
162 2205 304 2254 vocatur
323 2187 508 2274 Eliopolis‚
532 2187 568 2252 id
591 2189 635 2252 esi
656 2189 733 2254 solia
756 2189 896 2266 civitas,
919 2205 954 2254 et
966 2131 1092 2276 &antis
1105 2189 1173 2256 suis

52 2291 193 2360 pectora
225 2274 282 2336 sua
309 2274 455 2337 multum
489 2270 700 2357 percutiens,
734 2271 850 2360 ignem
882 2275 924 2338 de
951 2273 1010 2338 suo
1033 2293 1174 2373 corpore

51 2359 249 2444 proferena,
281 2355 435 2422 incendit
458 2355 639 2456 subjectam
661 2355 698 2420 in
720 2357 797 2421 loco
820 2355 962 2444 sepulcri
984 2371 1170 2436 materiam,

54 2463 94 2506 ac
115 2443 159 2505 src
179 2439 226 2506 sei
254 2439 324 2506 sum
347 2455 457 2506 totum
480 2439 668 2513 comburit.
693 2440 733 2504 ac'
754 2456 842 2505 totas
864 2459 981 2505 carnes
1002 2441 1075 2506 suas
1093 2463 1172 2506 cum

54 2523 189 2591 ollibus.
228 2465 359 2588 slivina
396 2539 509 2588 antens
531 2521 817 2590 administratione
839 2526 947 2588 nubea
968 2525 1117 2589 mittitur
1139 2541 1174 2589 et

51 2607 143 2694 pluit
176 2625 211 2672 et
244 2607 413 2693 extinguit
445 2627 567 2693 corpus
598 2605 669 2672 avis
699 2609 955 2672 consumentem
982 2609 1171 2685 flammatur

53 2707 189 2754 mortua
221 2691 359 2776 quidem
387 2695 454 2770 jam
484 2689 643 2754 exiliente
673 2713 752 2766 ave,
790 2707 823 2755 et
852 2689 991 2778 penitus
1013 2693 1172 2769 ardenter

54 2773 203 2836 extincta
237 2789 349 2838 autem
386 2774 519 2836 flamma
548 2772 709 2858 reliquiae
739 2773 848 2839 carnia
883 2779 955 2856 ejus
978 2776 1174 2840 consumtae

54 2857 313 2940 relinquuntur,
349 2870 382 2919 et
406 2876 468 2941 per
499 2861 602 2918 unam
633 2855 722 2920 diem
752 2879 822 2922 non
848 2853 1065 2944 ap'parentes,
1100 2879 1173 2922 rer·

55 2961 144 3002 mem
168 2937 336 3024 gignunt,
370 2937 429 3024 qui
449 2937 573 3002 vermis
594 2939 774 3024 plumescit
795 2955 829 3004 ct
851 2961 961 3004 nocua
982 2939 1039 3017 fit,
1073 2939 1173 3005 tertia

55 3021 111 3085 die
147 3021 327 3098 solidatur,
370 3037 404 3084 et
435 3021 596 3086 solidatus
625 3021 739 3086 locum
767 3021 1018 3109 inquirentibus
1050 3039 1084 3088 et
1111 3023 1172 3088 mi·
1229 3045 1233 3058 ’

56 3104 272 3170 nistrantibus
293 3108 370 3170 loco
391 3106 425 3169 se
446 3103 555 3191 ipsum
578 3105 783 3181 manifestat,
818 3119 852 3168 et
873 3105 997 3171 iterum
1019 3105 1057 3170 in
1079 3107 1194 3172 suaml

54 3187 197 3254 recurrit
234 3189 375 3276 patriam
415 3191 508 3253 unde
543 3188 663 3260 venit.
712 3203 747 3253 et
784 3189 974 3254 combustus
1017 3193 1171 3269 juvenes·

53 3273 133 3338 cit.'*
184 3272 309 3336 Audisti
339 3270 581 3358 Epiphanium.
637 3272 673 3335 Si
703 3293 782 3358 ergo
812 3271 848 3336 in
884 3273 1103 3338 restaurandis
1122 3295 1172 3339 re-

52 3359 115 3422 bus
144 3355 284 3421 humani
309 3377 352 3420 ue
386 3355 537 3442 corporis
559 3354 711 3442 partibus
732 3355 893 3420 naturalis
923 3355 1165 3442 vituperatur,

57 3439 161 3538 inque
185 3377 386 3504 animalibus
409 3439 696 3505 irrationabilibus
717 3439 977 3520 resuscitandis,
1012 3456 1052 3504 ut
1078 3435 1172 3539 prae!

58 3521 117 3586 san
140 3522 286 3590 auctoris
306 3525 494 3609 approbant
514 3525 687 3610 exemplu
710 3521 793 3670 puisi
814 3523 937 3588 mirum
959 3524 982 3586 ss
1001 3521 1114 3591 vitalis
1137 3539 1172 3589 et

56 3607 215 3672 naturalis
247 3605 356 3670 iirtus
390 3625 476 3694 quae
505 3627 682 3694 nunquam
728 3603 925 3672 abstentiam
946 3609 1172 3673 bumanorum

58 3707 236 3772 corporum
258 3688 399 3765 deserit,
434 3690 471 3754 in
495 3703 627 3755 tantum
671 3692 854 3764 raevaleat,
876 3705 917 3754 ut
935 3689 1036 3776 ipsius
1059 3714 1173 3778 opera-

58 3768 152 3834 tione
172 3773 241 3852 ipsa
263 3795 403 3860 corpora
425 3773 593 3838 advitam
614 3797 651 3838 re
680 3773 848 3848 tuantur,
872 3789 906 3837 et
927 3776 969 3838 ad
990 3773 1094 3838 totius
1110 3778 1171 3838 hu·

59 3873 178 3918 manae
207 3873 346 3928 naturae
366 3856 628 3944 integritatem?
662 3857 860 3922 Ceterorum
882 3855 1173 3942 namqueanima·

60 3933 143 4000 lium
172 3939 392 4028 omniumque
421 3961 534 4014 rerum
565 3940 768 4006 senfibilium
805 3940 935 4008 diuersa
963 3957 996 4004 et
1017 3939 1172 4026 specialia

59 4037 220 4104 corpora.
243 4043 346 4108 quum
370 4039 405 4088 et
423 4025 461 4089 in
483 4023 560 4112 ipsis
581 4023 693 4089 vitalis
714 4039 848 4100 motus,
874 4027 955 4090 tium
973 4022 1089 4089 sornria
1103 4019 1171 4086 suis

61 4102 302 4184 continentur,
330 4107 388 4198 vig
445 4121 479 4173 st
498 4124 634 4182 moret,
668 4110 748 4174 dum
771 4107 965 4184 solvuntur,
988 4109 1080 4178 filet;
1113 4125 1171 4170 ne·

61 4207 226 4272 quaquam
264 4203 375 4256 tamen
407 4213 524 4262 sorum
553 4189 765 4258 substantiam
801 4191 947 4265 deserit:
973 4187 1174 4276 generaliter

583 4309 758 4378 v30*
