3048 4856
491 247 494 258 '
547 205 654 324 talei:
677 231 832 312 Tertita.
1167 241 1248 314 2⁰3

130 439 200 501 ret,
222 419 303 510 qula
324 419 419 488 ouini
439 422 457 497 l
478 417 643 489 atiolcare
666 455 678 498 ·‚
701 441 736 490 et
757 423 878 490 omnia·
894 438 961 490 teia
988 423 1045 490 ora
1065 425 1121 490 [aa
1145 441 1247 492 aeter-

131 507 243 574 nitate
265 507 408 594 superat.
451 445 520 572 lut
542 508 617 594 quie
641 437 787 610 ἐὶιιιιιιἰ
795 511 901 610 ,qpofl
918 446 985 572 vel
997 507 1191 602 credibilior
1204 510 1249 573 eli

132 675 287 740 locorum
311 667 572 764 temporumque
591 675 713 762 spatia,
752 699 795 741 cu
813 675 1099 764 qualiumcunque
1116 675 1248 762 quanti·

131 773 240 824 tatum
262 757 442 842 interualla¹
460 779 546 846 quae
567 759 625 823 lua
646 760 730 825 diffu
743 781 823 834 ione
835 760 1008 848 impleret,
1030 762 1084 824 'vel
1100 760 1158 824 luo
1174 781 1247 824 cur·

128 841 169 904 lu
190 845 392 938 perageret,l
407 844 463 906 vel
485 842 542 906 lua
566 845 758 908 extenlione
773 843 961 910 lolitlaret'l
996 845 1068 907 Nec
1091 843 1181 906 enim
1205 843 1248 908 tle

126 940 253 1012 natura
281 924 445 988 ineffabili
475 941 577 1012 atque
605 927 641 990 lu
664 928 866 993 ‘ereffentiali
892 947 965 992 non
995 927 1100 991 lolam
1124 926 1245 1002 dicere,

125 1029 251 1072 verum
283 1007 383 1072 etiam
408 1007 574 1095 cogitare,
612 951 765 1098 fallitque
784 1009 1086 1099 imaginationibus
1107 1010 1245 1098 fingere,

125 1106 164 1156 et
184 1089 489 1156 ridiculosiffimum
510 1093 554 1157 eli
575 1093 950 1180 et'periculosillimum.
981 1095 1059 1159 Non
1079 1092 1142 1158 alia
1157 1115 1247 1158 mora

125 1173 306 1238 rationalia
328 1175 459 1239 animae
480 1175 612 1262 turpior
631 1182 794 1264 pejorque
815 1179 859 1243 cst
880 1197 980 1278 qnam
1001 1177 1081 1242 talia
1103 1177 1246 1242 monstra

127 1256 427 1356 abominandaque
448 1258 539 1322 idola
563 1262 605 1324 de
624 1277 776 1325 creatore
799 1281 952 1326 omnium
975 1260 1140 1347 cogitare:
1166 1281 1247 1326 curu

123 1340 257 1421 veritat
277 1339 346 1426 ipla
362 1362 398 1404 in
415 1340 645 1407 intellectibua
657 1344 717 1441 pic
733 1345 968 1431 quaerentium
984 1360 1018 1408 et
1031 1343 1247 1430 diligentium

125 1439 316 1492 creatorem
339 1423 433 1486 luuiu
455 1423 665 1512 intelligibili
687 1449 773 1493 voce
787 1431 975 1514 proclamet
991 1426 1191 1513 generaliter
1206 1430 1249 1490 de

126 1505 292 1572 omnihus
325 1527 410 1603 quae
439 1507 534 1583 sunt,
570 1523 605 1573 et
633 1530 719 1596 quae
747 1520 818 1576 non
849 1511 944 1587 lunt,
973 1513 1048 1580 hoc
1067 1511 1132 1584 est,
1163 1529 1249 1594 quae

126 1590 229 1655 [eniti
246 1590 302 1651 vel
324 1590 503 1654 intellectu
526 1595 770 1678 comprehendi
785 1595 940 1686 poliunt,
963 1609 999 1658 et
1035 1613 1100 1656 uae
1117 1593 1247 1656 lenl‘iim

127 1675 187 1746 vel
217 1671 436 1756 intellectum·
461 1673 637 1759 superant,
693 1699 814 1741 uorum
844 1679 908 1740 elle
929 1677 974 1740 ett
1052 1675 1089 1739 ni
1107 1675 1248 1740 ‘ellantii

127 1753 423 1842 comprehensibili
445 1775 574 1831 carere;
596 1700 691 1832 nihil
706 1760 799 1820 aliud
812 1761 979 1819 subfistere
996 1772 1128 1842 praeter
1144 1757 1247 1819 uniue

124 1837 232 1904 solitu
255 1834 409 1904 omnium
436 1837 552 1902 caulae
566 1837 882 1924 participationem,
907 1860 1009 1904 omne
1025 1853 1139 1902 autem
1155 1841 1249 1924 quod

123 1919 251 2010 partici
278 1935 367 1994 atur,
409 1934 445 1981 et
476 1920 773 2016 participationem
803 1920 853 1983 [ui
883 1935 917 1983 et
943 1919 1182 2006 participantia
1214 1921 1248 1984 le

123 1943 311 2094 praecolit.
355 2007 448 2065 Deua
481 2002 589 2087 igitur
615 2003 929 2088 praecedit·omnia
961 2023 1184 2088 quaecunque
1213 2003 1247 2066 le

123 2086 354 2176 participant.
379 2099 413 2149 et
434 2105 580 2170 quorum
602 2083 739 2148 affentia
751 2101 970 2182 participatio
986 2105 1057 2164 eiua
1072 2085 1124 2147 eil.
1157 2084 1248 2150 Hinc

124 2192 273 2256 magnus
306 2167 485 2249 Dionyfiui
516 2167 717 2255 Areopagita
747 2191 783 2231 iii
806 2167 899 2232 libro.
917 2171 958 2231 de
980 2166 1091 2231 colesti
1114 2167 1246 2231 Hieran

125 2255 225 2328 chia,
247 2257 314 2317 hoc
337 2253 398 2326 cll,
420 2253 449 2313 E
474 2249 645 2336 iacopatu,
669 2267 788 2337 quarto
808 2251 967 2337 capitulo.
1011 2254 1174 2325 Primum,
1197 2249 1248 2314 iii·

147 2337 224 2414 uit,
256 2341 398 2400 omniurn
420 2274 503 2396 illini
524 2337 634 2398 dicere
655 2356 766 2398 uerum
789 2333 856 2424 est,
893 2349 931 2396 ut
951 2334 1101 2398 bonitate
1121 2339 1248 2400 aniver-

113 2359 209 2516 JaIi·
220 2413 510 2512 supertefflntiuli's
545 2420 709 2483 divinitas
743 2443 849 2484 eornm
877 2437 960 2502 qrtae
979 2416 1063 2510 sant
1093 2413 1248 2510 effentias

116 2503 330 2601 substituerat
351 2505 398 2566 ad
419 2496 482 2651 cqc
504 2503 663 2570 adduxit..
703 2503 767 2590 13st
789 2507 872 2566 enim
893 2505 955 2566 liae
974 2489 1114 2566 omnium
1131 2500 1249 2590 causae

129 2607 165 2658 et
176 2587 286 2686 super·
305 2591 416 2652 omnia
458 2589 596 2651 unitatis
609 2593 798 2669 proprium,
822 2588 870 2650 ad
882 2590 1135 2652 communionem
1146 2585 1256 2674 suam

128 2686 174 2740 ert
189 2697 276 2760 quae
314 2686 372 2734 ant
392 2692 527 2743 vocare,
551 2683 589 2733 ut
609 2674 779 2756 unicuiqae
800 2693 908 2734 cortem
922 2667 1097 2761 quaesunt
1115 2691 1158 2731 eoi
1169 2690 1247 2750 pro·

129 2761 210 2844 pria
230 2760 269 2820 di
298 2759 396 2818 'iiitur
417 2755 583 2832 attalaia.
636 2758 757 2819 Omnia
778 2755 883 2836 igitur
902 2755 1115 2834 participant
1139 2742 1251 2830 proui-

130 2835 278 2907 dentiam
313 2863 356 2903 ea:
376 2777 652 2930 supereffentiali
683 2851 718 2900 et
738 2831 957 2928 caiisaliffima
979 2836 1160 2898 divinitate
1181 2853 1249 2894 ma·

131 2939 275 2992 nantem.
318 2929 396 2988 Nan
427 2927 509 2986 enim
530 2914 692 3094 forffffis
714 2917 833 3022 efflat,
861 2917 923 3002 nist
945 2934 1051 2982 eorum
1073 2912 1252 3008 quaesunt

134 3005 291 3100 effantiae
321 3022 353 3070 et
381 3010 543 3088 principii
570 3029 591 3067 a
622 3017 799 3085 amptione.
845 3000 1041 3090 Existentia
1062 3001 1166 3080 igitur
1184 3018 1250 3063 ota·

130 590 197 678 ipsi
224 593 289 657 deo
321 589 399 658 dico
429 593 470 659 ab
500 590 567 656 alio
596 591 705 656 veluti
733 613 906 824 principio
937 609 1130 678 praeparata
1152 591 1248 656 tuine

130 3103 189 3160 nia
219 3089 284 3186 effe
309 3093 529 3173 praecicipant.
572 3083 652 3178 Effe
675 3093 758 3151 enim
777 3091 920 3169 *omnium
944 3084 992 3174 est
1004 3077 1175 3177 snpereffe
1199 3084 1249 3146 di·-

72 3245 81 3258 ,
129 3181 300 3245 vinitatis.
359 3178 522 3240 Viventio
552 3190 661 3238 autem
693 3173 828 3234 eandem
880 3191 961 3250 iiper
989 3189 1112 3232 omnem
1143 3170 1250 3229 vitam

107 3263 304 3354 ,vivificam
328 3261 503 3328 virtittem.
539 3257 755 3321 rationabilia
785 3268 818 3316 et
849 3253 1085 3318 intellectualia
1116 3251 1250 3313 eandem

46 3409 49 3422 ,
120 3345 231 3440 saper
263 3367 384 3411 amitam
417 3345 633 3406 et·rationem
656 3354 689 3402 et
711 3340 908 3403 intellectum
925 3335 990 3418 per
1000 3326 1253 3481 jexperhseetarn

132 3447 168 3495 et
191 3445 270 3496 ante
290 3420 477 3518 perfectam
490 3424 709 3515 sapientiam.
753 3421 916 3486 Audivisti
940 3417 1060 3483 lumini
1083 3421 1113 3479 T
1140 3417 1252 3504 eulogi

133 3511 288 3595 Dionysii
319 3509 540 3596 Areopagitae
573 3505 819 3596 praeclariffimi
853 3509 1057 3568 Athenarum
1079 3501 1252 3587 Episcopi,

133 3603 177 3664 de
198 3593 461 3683 participatione
483 3591 630 3658 Divinae
654 3590 810 3655 clientiac
832 3587 1053 3661 sententiam,
1077 3605 1142 3670 qua
1159 3607 1255 3670 aper·

132 3679 255 3746 tiffimc
283 3677 474 3758 manifestat·
500 3676 615 3742 omnia
645 3697 731 3762 quae
762 3674 859 3746 lant,
891 3687 926 3758 ct
979 3689 1141 3766 uaeunon
1164 3669 1253 3765 lunt.

132 3765 222 3830 nihil
249 3763 343 3830 aliud
377 3759 599 3847 intelligenda
618 3775 751 3847 practer
772 3755 919 3820 Divinae
945 3777 963 3818 e
989 3767 1100 3818 entiae
1121 3767 1257 3838 partici-

132 3848 332 3936 pationem
365 3845 376 3910 i
405 3845 470 3909 lam
498 3866 578 3909 vero
612 3838 909 3930 participationem
941 3835 1030 3903 nihil
1060 3833 1154 3934 aliut}
1193 3833 1257 3934 elle
1314 3875 1317 3881 ,

132 3949 268 4020 praeter
302 3865 453 4011 ciuilem
488 3927 644 3993 ellentiae
680 3920 949 4011 allumptionem.
990 3921 1070 3985 Non
1092 3941 1184 3983 enim
1204 3939 1257 3983 ru·

132 4016 211 4104 quit
239 4013 381 4082 lortall'ii
414 4013 535 4088 client,
571 4009 635 4076 nisi
665 4003 783 4076 corula
814 4027 900 4094 quae
928 4007 1006 4070 sunt
1036 4001 1193 4067 effantiae
1222 4014 1286 4082 et..

157 4097 298 4186 iincipil
319 4095 551 4196 allumptione.
595 4093 649 4159 Est
678 4092 785 4182 igitur
804 4086 1021 4179 participatio
1036 4084 1190 4186 ‘Divitiae
1211 4082 1257 4146 el-

131 4123 263 4250 ientiae
285 4182 472 4272 illumptio.
525 4176 712 4266 Allumptio
733 4195 813 4263 vero
837 4175 881 4241 est
902 4170 1086 4260 sapientiae
1108 4165 1256 4258 Divinae
