2970 4826
501 243 608 316 uter
628 239 793 328 ortorum
956 195 966 208 ι
1113 239 1195 317 ds?

78 431 147 500 bile
185 427 231 496 ell
261 429 303 496 da
330 425 486 576 Apostolo
515 425 693 504 testimari,
728 425 766 490 in
784 423 891 523 plium
910 423 1099 524 paradisum
1118 447 1193 515 rpp-

80 531 156 594 tum
180 511 298 586 fuisse,
320 509 357 576 ni
402 509 440 576 in
461 511 571 599 ipsum
591 511 629 578 in
651 530 718 597 quo
740 531 870 596 pnmua
891 509 995 579 homo
1017 512 1143 578 adama
1169 511 1193 565 ⁸.

79 621 160 664 nem
192 595 258 662 Dei
283 595 391 662 sactua
413 595 480 674 est,
515 611 550 660 et
570 597 613 660 de
634 615 701 681 quo
721 591 843 658 merito
865 591 1117 674 inobedientiae
1162 616 1194 660 e·

84 683 205 746 trusus.
247 680 360 744 Unum
389 701 536 766 namque
560 737 565 749 .
594 673 758 744 aradisum
781 674 895 742 divina
915 693 1028 742 narrat
1048 675 1192 752 historia,

83 781 118 830 et
140 785 247 830 unum
267 760 443 828 hominem
463 701 591 846 inipp

83 847 177 924 mine
203 845 258 912 vir
285 860 320 912 et
344 845 467 912 mulier
487 843 596 910 intelli
622 841 688 908 'tur
710 843 791 917 esset
824 841 970 908 srverba
991 845 1193 910 Sanctorum

79 933 218 996 Petrum
249 927 417 1015 sequenda
446 929 533 994 sunt.
612 942 726 992 aturae
753 923 914 1014 liquidem
944 931 1112 1003 humanae
1139 925 1193 992 vir

1 1069 2 1074 ,
81 1013 126 1078 est
147 1013 364 1086 intellectus,
394 1011 453 1100 qui
475 1034 493 1076 a
515 1009 649 1076 Graecia
670 1023 810 1075 vocatur
832 1007 948 1096 Νοῡςς
976 1009 1098 1095 mulier
1119 1011 1198 1092 sem,

76 1097 143 1170 sua,
166 1094 226 1182 qui
248 1093 438 1160 foeminino
484 1087 778 1242 enere''dro.9»porc
801 1091 1016 1180 exprimitur,
1068 1115 1191 1165 uorum

574 783 594 826 o
618 775 788 836 creatum,
810 757 938 845 in=quo
961 759 1194 826 videlicetho·
1235 758 1238 767 ’

79 1179 218 1263 mystico
247 1181 349 1259 conju
377 1177 409 1242 'o
438 1179 466 1244 C
508 1176 558 1242 isti
585 1193 619 1242 et
638 1179 707 1242 Ecc
722 1178 802 1264 esrae
823 1177 938 1243 sutura
958 1199 1021 1277 cop
1060 1201 1080 1242 a
1123 1197 1192 1256 rae·

1 1322 2 1327 ,
79 1263 224 1351 figurata
246 1261 299 1326 est.
344 1199 387 1326 5¹
400 1259 409 1277 '
431 1261 505 1328 viro
526 1276 626 1349 atque
646 1257 799 1336 mulieri,
821 1259 1011 1328 intellectui
1031 1261 1109 1329 ride
1126 1259 1194 1328 ‘cet

1 1371 2 1412 1
80 1345 277 1432 sensuique,
308 1342 425 1410 divina
454 1345 509 1410 lex
536 1365 606 1410 non
631 1343 739 1410 solum
760 1341 936 1420 concellit,
970 1343 1193 1410 verumetiam

78 1425 255 1516 praecepit
276 1429 317 1492 de
338 1427 433 1516 ligno
450 1427 542 1492 ritae
562 1429 757 1502 comedam,
790 1427 832 1492 de
852 1427 885 1491 sa
911 1425 1016 1494 ientia
1037 1429 1191 1514 prosectu

1 1512 2 1556 l
79 1509 188 1599 patria
210 1526 245 1574 et
264 1513 367 1576 verbo
389 1514 481 1598 quod
502 1509 545 1574 est
567 1509 735 1576 Dominae
755 1511 844 1575 sesua
900 1511 1037 1587 hristus,
1071 1510 1131 1596 qui
1152 1509 1189 1573 in

1 1657 2 1666 ,
78 1593 197 1660 medio
226 1594 394 1660 humanae
422 1610 562 1660 naturae
621 1593 737 1660 aradisr
763 1595 934 1680 plantatur
964 1595 1033 1670 est„
1058 1591 1119 1680 qui
1147 1591 1192 1656 est

0 1689 1 1692 ’
80 1675 268 1774 spiritualia
285 1675 400 1764 patria,
423 1699 490 1824 (pto
513 1617 625 1766 angeli
648 1675 856 1764 perfectique
876 1677 1033 1742 hominea
1047 1697 1193 1763 quorum

1 1824 2 1832 ,
78 1761 292 1827 conversatio
319 1759 357 1826 in
379 1759 481 1827 coela
504 1760 567 1836 est,
595 1776 789 1826 reacuntur.
830 1761 1058 1828 Prohibentur
1077 1775 1193 1826 autem

1 1845 3 1883 ³
79 1865 101 1908 a
130 1865 200 1908 non
230 1841 375 1908 discreto
407 1860 508 1932 atque
537 1845 721 1909 commixto
751 1841 832 1910 boni
863 1859 896 1908 et
919 1843 1000 1910 mali
1024 1842 1189 1942 appetitu,

1 1955 3 1968 ›
79 1923 143 2014 qui
172 1947 212 1991 ex
243 1923 467 1992 delectatione
494 1925 718 1992 materialium
737 1949 849 1996 rerum
871 1926 1111 2013 pulcritudinis
1131 1923 1194 2003 irn-
1283 1925 1286 1936 '

79 2005 243 2097 persectia
265 2009 440 2074 animabur
462 2007 635 2094 infigiturt
651 2031 676 2074 a
697 2030 765 2096 quo
787 2005 947 2076 abstinere
968 2007 1127 2078 meritum
1143 2007 1193 2072 vl·

1 2109 3 2120 ’
81 2109 137 2156 tae
159 2093 315 2156 aeternae
336 2091 396 2166 est,
422 2113 462 2158 eo
485 2091 579 2166 abuti
600 2089 728 2156 aeterni
749 2089 907 2158 interitua
929 2093 1072 2158 occasio,
1110 2092 1191 2156 Cae·

1 2181 3 2219 ²
81 2191 153 2240 tera
172 2179 262 2240 'vero
293 2176 427 2260 qliaea
455 2173 544 2238 sacra
571 2171 735 2262 scriptura
765 2177 807 2238 de
827 2175 979 2260 paradiso
1002 2176 1197 2250 traduntur„
1285 2241 1291 2264 ¹
1423 2191 1428 2204 '

1 2279 3 2288 ’
84 2255 239 2344 quamvia
269 2279 329 2344 per
351 2255 629 2342 anticipationem
652 2255 740 2322 dicta
762 2257 855 2330 lunt.
891 2279 931 2324 ao
950 2255 1056 2322 veluti
1077 2255 1114 2322 in
1135 2277 1192 2355 pa·

1 2363 3 2388 t
83 2340 194 2406 tadilo
223 2338 357 2404 fictae.
386 2341 438 2404 lua
469 2355 581 2405 tamen
604 2355 639 2406 et
658 2337 910 2420 rationabilius,
945 2363 1050 2430 quum
1070 2355 1192 2407 meritc

76 2419 211 2510 peccati
239 2364 450 2510 superaddita
485 2423 562 2487 sunt
584 2425 683 2489 etad
704 2421 901 2492 exteriorem
923 2423 1097 2492 hominem
1117 2445 1191 2510 per·

81 2505 217 2582 tinent,
249 2522 340 2572 extra
368 2503 558 2594 paradisum
589 2520 625 2569 et
650 2505 723 2594 post
748 2523 931 2604 peccatum
951 2507 1047 2574 suilla
1067 2503 1192 2586 intelli·

81 2591 203 2678 gendo.
323 2665 332 2686 .
439 2667 447 2686 ·
666 2673 675 2690 ι
723 2673 731 2690 .
760 2673 768 2689 ι
1051 2676 1058 2692 .

81 2670 1191 2855 limd9sertisrzrpetgiryiriiaviqsri'iiajdtcielgtndpitszsjpiirsodissidii‘ustulat

38 2889 43 2900 .
82 2851 118 2900 at
135 2829 259 2925 fuctus
291 2831 339 2924 est
372 2837 466 2900 sronro
495 2838 531 2898 t'n
561 2857 703 2898 animam
723 2851 901 2902 viventem.
945 2839 1127 2924 Quomodo
1149 2841 1192 2906 dc
1309 2899 1311 2904 .

80 2919 165 2985 limo
201 2933 306 2982 terrae
328 2915 573 2993 carminatur,
603 2915 663 3004 qui
685 2919 727 2982 ad
747 2917 930 3008 imaginem
952 2939 986 2986 ct
1006 2921 1192 2988 fimilitudi·

83 3025 163 3068 nem
185 3001 252 3068 Dei
273 2999 382 3100 sactus
405 2999 475 3100 elis
502 3013 561 3064 aut
581 3003 752 3102 quomodo
775 3005 817 3068 de
839 3025 880 3068 eo
902 3003 1068 3070 diceretur
1079 3052 1094 3104 ,ι
1111 2997 1192 3096 foc-

82 3101 151 3236 {lt
169 3083 217 3236 ‘si
237 3085 891 3252 sis,iorisisi'sriisi”iisdd¹2i‘¹‚
910 3089 1194 3236 lttlsstltlt

82 3257 225 3319 animam
245 3252 436 3316 viventem?
457 3251 582 3314 Nonne
603 3271 681 3336 ergo
704 3253 845 3316 duarum
863 3253 1011 3320 hominia
1026 3255 1193 3322 conditio·

1 3384 3 3396 .
84 3360 168 3402 num
199 3333 288 3400 ratio
321 3335 419 3398 datur
446 3331 617 3420 intelligis
649 3333 764 3400 Primo
796 3334 933 3420 quidem
955 3339 1115 3425 scriptum
1138 3339 1191 3414 est,
1256 3367 1266 3378 ·

82 3435 117 3484 at
146 3421 276 3485 meavit
308 3417 406 3482 Deus
424 3418 584 3480 homiuem
603 3417 651 3480 ud
670 3419 844 3502 imaginent
855 3413 974 3509 fuum,
1009 3423 1056 3486 ud
1078 3426 1192 3506 imagi·

83 3527 155 3569 nem
176 3505 250 3570 Dei
270 3505 399 3567 creavit
418 3501 518 3565 illum.
560 3500 650 3566 Ecce
670 3501 778 3588 prima
798 3501 967 3580 conditio,
989 3503 1027 3570 in
1041 3507 1192 3592 quanul·

1 3613 2 3618 ’
82 3590 116 3652 la
137 3585 261 3652 terreni
281 3583 356 3650 limi
379 3581 654 3672 commemoratio
674 3583 763 3652 sacta
785 3585 846 3662 esi,
869 3609 980 3674 neque
996 3589 1128 3656 animae
1143 3587 1192 3654 vi·

83 3669 209 3736 ventio.
252 3669 294 3734 Se
319 3667 412 3734 uitur
433 3681 546 3732 autem
564 3667 727 3744 secunda,
751 3691 837 3756 quac
859 3691 898 3736 ex
920 3669 1083 3738 divisione
1096 3687 1193 3738 natu·

84 3775 143 3821 rae
173 3752 210 3818 in
234 3691 403 3850 duplicem
422 3751 537 3816 sexum
556 3771 667 3838 poena
687 3751 985 3839 praevaricationit
1005 3754 1195 3842 superaddi·

83 3853 137 3912 tt,
170 3837 345 3902 exordium
373 3835 497 3900 sumsit.
551 3835 752 3910 Musculmn.
786 3835 916 3926 inquit,
954 3852 990 3904 rt
1005 3833 1192 3930 foeminam
1282 3843 1286 3854 “

84 3923 216 3986 creavit
236 3940 299 3984 eor.
340 3917 438 3984 Priur
466 3916 629 4004 fiquidem
648 3917 860 4006 simplicitate
879 3937 1018 3990 naturae
1039 3939 1118 3990 ante
1140 3927 1194 3990 de-

83 4004 208 4070 lictum
229 4000 275 4065 fin
301 4001 436 4067 ulariter
457 3999 629 4088 expreffit,
651 4003 698 4066 ad
718 4007 892 4089 imaginem
911 4009 986 4074 Dar'
1005 4011 1135 4072 creavit
1152 4008 1192 4071 r‘s-

82 4091 167 4154 lum.-
208 4023 405 4156 dividunum
439 4106 520 4150 vero
552 4088 623 4166 eiua
654 4102 792 4174 propter
819 4083 979 4156 delictum
1031 4089 1190 4164 luraliter.

82 4169 259 4238 masculum
301 4181 336 4233 rt
352 4161 540 4260 foeminam
572 4174 703 4238 creavit
730 4193 801 4239 ecs..
851 4173 962 4260 Quam
1031 4175 1192 4242 visionem
