2866 4822
365 250 381 294 ,s
450 229 558 332 uter
579 231 741 318 Quum.
1077 227 1183 345 629¹

365 341 376 380 l

1223 121 1246 160 Nl

44 419 155 494 juncte
174 415 278 496 hujue
300 413 422 480 mundi
442 413 602 484 fenfibilie
631 411 849 504 componitur
875 413 1056 490 stinctum,
1092 415 1155 514 fig·
1223 413 1231 436 ‘

45 497 215 574 nificatar,
253 519 339 596 qaae
373 496 534 567 videlieet
561 500 700 566 materia
729 501 813 564 licut
840 497 981 564 foenum
1013 499 1154 572 ardebat,

46 583 175 679 quaqdo
206 579 494 680 fructificabunt,
532 581 585 682 id·
605 583 648 648 est
686 581 886 730 purgabitur
921 581 992 670 ipsu
1034 596 1156 680 napata

44 667 92 812 ii
113 667 755 834 ‘totto‚⁰301‘²,ltz„t{2,¹¹2,t¹
763 667 892 814 lato,
900 686 941 824 ,⁰²
952 665 1156 814 ,lilla

45 829 163 896 tarium
194 830 400 902 mutabileve
428 849 615 908 remaneat„
656 831 817 920 quoniam
851 829 993 898 omnino
1020 829 1058 897 iu
1087 831 1152 918 tpi·
1270 866 1284 880 ·

42 911 189 978 ritualem
233 931 384 981 vertetur
429 915 638 982 stabilitatem
678 932 712 981 et
755 913 1046 993 uniformitatem
1094 928 1154 980 aut

43 1012 240 1064 cunctorum
278 999 441 1064 vitiorum
480 1015 515 1065 et
547 999 801 1068 malefactorum
838 1000 1044 1075 occalionea,
1085 999 1155 1063 ltoe

42 1081 81 1144 att
101 1079 284 1166 mefitiam,
307 1081 539 1168 impietatem,
561 1083 782 1171 iniquitatem
798 1081 959 1148 materiae
982 1081 1152 1148 vocabulo
1212 1125 1226 1135 -

41 1163 205 1252 Propheta
222 1163 400 1233 infinuare.
439 1168 621 1252 Quomodo
638 1187 717 1254 ergo
735 1163 901 1254 supplicia
916 1165 1036 1240 erunt,
1047 1186 1153 1252 quun·

42 1249 82 1312 do
112 1245 198 1314 nihil
230 1247 371 1336 dignum
393 1249 452 1336 rap
478 1250 559 1315 licio
581 1249 617 1316 in
640 1267 759 1316 natura
780 1272 892 1314 rerum
911 1243 1150 1336 relinquetur?

41 1331 85 1394 Μ.
114 1334 154 1396 ln
182 1330 417 1418 superioribua
449 1275 476 1396 i

43 1435 161 1500 purum
183 1417 251 1493 ,(ut
279 1415 435 1494 arbitror)
469 1417 667 1501 definitum3
702 1416 849 1502 ideoque
879 1437 974 1480 nunc
1002 1411 1153 1480 breviter

43 1496 199 1584 quoniam
234 1498 359 1585 exigit,
393 1498 470 1566 colli
496 1503 633 1566 endum.
677 1498 852 1588 Siquidem
884 1495 974 1564 inter
993 1519 1057 1564 noe
1078 1497 1153 1562 sub·

42 1595 142 1646 tracta
169 1579 265 1648 omui
287 1523 510 1650 coutroverlia
532 1585 796 1670 consideratum,
832 1601 967 1650 omnem
988 1579 1153 1678 malitiam

465 1333 653 1398 officienter
680 1337 722 1400 de
749 1331 802 1397 hie
824 1347 937 1398 actum
960 1332 1022 1407 est,
1053 1347 1088 1399 et
1108 1331 1152 1396 ed

35 1665 230 1754 malorque,
254 1685 390 1750 omnem
410 1666 618 1752 impietatem
641 1665 852 1754 impioeque,
874 1687 1010 1731 omnem
1026 1663 1162 1752 iniqua·x
1190 1723 1193 1736 ,

41 1761 139 1812 tatem
171 1746 377 1848 iniquoeque
405 1749 572 1831 juttiffima
601 1749 712 1816 divini
737 1749 858 1831 iudicii
885 1745 1073 1824 sententia,
1104 1767 1153 1812 ue
1204 1771 1207 1778 ’

41 1846 233 1898 naturarum
260 1832 448 1920 integritati
470 1835 599 1921 semper
619 1833 826 1922 impediant,
860 1832 969 1898 veluti
990 1833 1153 1932 quaedam

40 1913 148 1980 [ordeo
170 1919 360 2002 purgandae
382 1916 588 2003 penitusque
608 1919 650 1982 de
671 1932 793 1982 natura
818 1939 932 1982 rerum
954 1917 1184 1982 adimendae-

40 1995 182 2075 aboleri;
205 2013 241 2060 et
261 2001 328 2062 hoe
348 2018 420 2062 non
443 1999 551 2062 folum
572 1997 774 2064 auctoritate
795 1999 996 2064 Sermonum
1011 1999 1152 2062 Petrum

41 2079 243 2165 divinaeque
270 2076 471 2164 scripturae,
500 2102 620 2146 verum
642 2081 744 2146 etiam
766 2095 858 2146 recte
878 2077 1152 2146 ratiocinationie

39 2160 350 2248 investigationibus
380 2161 424 2226 eil
444 2161 634 2228 firmatum:
663 2184 767 2228 vanae
788 2178 903 2228 autem
922 2161 1152 2250 cogitationee

38 2245 214 2328 hominum
234 2243 272 2308 in
294 2243 379 2310 falsae
398 2267 511 2310 rerum
534 2245 770 2333 temporalium
783 2246 965 2331 phantaliie
982 2245 1020 2310 in
1031 2265 1152 2312 eorum
1275 2289 1286 2310 .

42 2330 213 2400 animabat
243 2327 303 2414 qui
335 2327 546 2396 solummodo
567 2327 800 2416 iutegritatem
819 2345 961 2396 naturae
979 2327 1153 2417 recepturi

40 2413 135 2490 lunt,
155 2427 227 2478 non
249 2426 362 2476 autem
383 2411 420 2478 in
442 2411 582 2498 gloriam
603 2413 893 2490 immutabuntur,
916 2414 1154 2500 semperman·

42 2495 128 2564 [urae
157 2497 295 2594 [eraqpe
321 2493 535 2580 poenitentia
565 2499 607 2560 de
626 2498 728 2560 rebar
747 2517 829 2582 qnae
850 2495 887 2560 in
912 2498 977 2562 hac
996 2495 1069 2562 vita
1088 2494 1154 2560 illi·
1206 2517 1213 2528 ·
1249 2503 1256 2512 '

43 2579 107 2644 cite
127 2595 235 2678 atque.
250 2575 443 2643 inordinate
464 2577 756 2666 concupiverant,
776 2575 884 2642 veluti
898 2579 1042 2725 quadam
1059 2577 1154 2644 inex·

42 2661 214 2751 tinguibrli
245 2663 379 2726 flamma
408 2661 544 2730 arsurae.
593 2661 743 2727 Proinde
772 2681 845 2726 non
874 2659 961 2724 mhi
990 2659 1154 2727 ridentur

42 2746 247 2812 convenient
269 2743 412 2831 poiuille
433 2765 527 2810 exem
553 2745 643 2818 lum,
666 2742 726 2830 qui
745 2741 983 2811 rationabilem
995 2759 1154 2810 naturam

44 2845 76 2894 et
96 2831 226 2918 iamper
246 2830 454 2902 mansuram,
477 2843 512 2892 et
529 2768 591 2914 inp
618 2826 774 2894 liciorum
796 2826 939 2892 flammie
956 2827 1087 2914 lemper
1103 2849 1154 2894 ar·

44 2914 149 2980 iuram
174 2916 296 2980 docere
317 2913 489 2986 volenter,
511 2912 568 2976 aab
640 2932 672 2974 m
694 2907 842 3054 lapidem
863 2911 994 3012 semper
1014 2931 1154 2980 manere
1205 2969 1212 2986 .

43 2995 237 3087 semperque
257 2997 373 3062 mdere
392 2993 533 3061 dicunt:
554 2993 602 3060 ita
622 3007 709 3060 utet
736 2992 901 3060 obstantia
914 3015 987 3087 etue
1002 3009 1038 3059 et
1047 3015 1154 3082 quan-

43 3079 118 3148 titae
150 3098 187 3148 et
218 3079 360 3166 qualitae
378 3079 483 3144 ,nullo
512 3081 614 3144 modo
635 3075 809 3142 minuatur
828 3079 885 3142 rel
906 3093 1153 3178 corrumpptur,

44 3165 120 3230 dum
145 3167 284 3232 mmma
315 3161 352 3228 in
382 3184 420 3228 ea
441 3183 511 3226 noa
535 3159 754 3250 extinguitur.
795 3161 869 3226 Hae
890 3159 982 3226 enim
1001 3161 1155 3236 limrlittt·
1291 3207 1295 3219 .
1431 3179 1432 3186 “

41 3247 118 3312 dine
146 3245 384 3317 rationabilius
414 3245 467 3310 ati
493 3245 624 3332 pollent
651 3247 694 3310 ad
721 3245 931 3312 suadendum
958 3250 1051 3334 quod
1078 3265 1153 3312 nora

41 3331 144 3400 [olum
165 3330 333 3398 naturalia
354 3333 444 3396 bona
463 3327 673 3394 rationabilia
694 3344 865 3394 creaturae
884 3329 1153 3429 [emperabeque

39 3411 106 3481 ullo
141 3414 348 3484 detrimento
401 3415 639 3478 armauebuntr
670 3433 788 3476 verum
823 3411 924 3478 etiam
952 3436 990 3478 tn
1017 3411 1152 3510 hirqui

40 3500 172 3588 purgati
201 3515 238 3580 et
259 3437 458 3584 sanctilipati
479 3499 565 3562 ultra
591 3493 704 3562 omnia
722 3495 890 3562 naturalia
909 3501 1020 3577 bona,
1055 3489 1151 3562 deifi-

40 3583 206 3656 cationem
228 3579 420 3680 accipient,
443 3594 597 3646 aeternae
617 3577 838 3645 beatitudinie
861 3581 1021 3666 gloriam,
1041 3579 1152 3648 relati

41 3663 75 3730 in
102 3663 320 3755 extingui-bila
357 3661 493 3728 divinae
514 3663 641 3751 gratiae
661 3665 793 3728 flamma
815 3663 1013 3750 fulgebu'nt3
1041 3663 1152 3730 itaut

41 3747 76 3813 in
98 3751 145 3816 eie
169 3747 385 3816 etnaturalie
406 3747 603 3833 pulcritudo
624 3763 789 3836 perpetuo
810 3765 964 3822 maneat,
1001 3764 1035 3814 et
1056 3747 1150 3812 deifi·
1216 3757 1221 3764 ’
1319 3727 1323 3736 ’

44 3833 187 3900 cationia
217 3830 348 3900 claritat
375 3831 474 3917 super
506 3831 620 3898 omnia
643 3833 783 3898 eluceat.
826 3827 999 3898 Diacernie
1023 3830 1149 3917 itaque,

40 3931 77 3980 ut
104 3919 251 4006 opinor,
280 3915 372 3989 inter
404 3935 444 3978 ea
476 3935 562 4000 quae
582 3915 720 4014 penitae
741 3913 926 4002 peribunt,
951 3932 985 3979 et
1007 3933 1151 4004 eaquae

47 4001 187 4068 aeternio
209 3999 438 4066 attribuuntur
457 3997 642 4089 supplicrie.
674 4003 718 4064 D.
739 3998 922 4076 Discern03
943 3998 1045 4064 rideo
1059 3996 1152 4063 enim

44 4089 132 4168 qaod
164 4082 249 4165 ¹vitia
278 4083 438 4153 uitiorum
462 4104 507 4150 ue
540 4083 729 4166 occafionee
761 4085 803 4149 de
823 4085 943 4148 natura
963 4101 1073 4146 rerum
1094 4101 1153 4168 pe-

49 4165 139 4236 nitae
170 4169 394 4252 delebuntur,
427 4167 620 4256 pontefice
645 4182 759 4236 autem
783 4187 895 4236 rerum
917 4161 1153 4250 temporalium

670 4283 714 4358 34
