3038 4832
486 230 596 309 aare
613 229 815 314 denatura·
898 261 901 274 ¹
1143 235 1219 310 186

105 416 208 484 salites
227 433 429 508 cognoscat,
452 417 533 507 quis
554 421 651 498 sunt;
672 418 778 508 inque
797 419 876 484 suos
893 409 1034 484 effectus
1047 415 1215 486 ineffabili

123 501 303 568 rocellione
331 503 520 604 profluunt.
575 505 620 568 Et
644 501 703 568 lric
724 503 769 568 est
789 517 920 578 motus,
956 499 1016 590 qui
1037 522 1056 566 a
1077 503 1214 570 Graecis

102 527 203 674 ispor
226 588 283 651 vel
304 585 463 680 δυναμις,
495 610 515 654 a
536 585 654 652 nostris
676 608 758 652 vero
780 586 884 662 ratio,
906 585 966 650 seu
984 583 1093 651 virtus
1114 609 1214 654 voca·

103 685 165 743 tur.
188 684 223 734 et
244 671 416 757 exprimo
437 687 535 750 motu
550 669 717 754 nascitur,
740 669 799 758 qui
819 669 863 734 en
875 667 1079 735 intellectus.
1115 669 1214 736 Sicut

102 751 185 820 enim
201 754 340 840 quidam
358 753 488 842 sapiens
504 755 622 820 artifex
639 770 744 818 artem
759 755 852 818 suam
869 752 911 818 de
928 749 1035 838 seipso
1051 751 1088 836 in
1104 751 1211 840 seipso

104 837 217 924 gignit,
234 853 270 902 et
285 837 320 904 in
331 838 413 926 ipsa,
427 861 513 926 quae
525 839 585 904 fibi
596 835 751 904 fascienda
763 839 851 914 sunt,
864 835 1067 926 praenoscit,
1080 857 1212 906 eorum·

103 943 160 1018 qne
181 923 296 986 causas
319 923 514 1022 priusquam
537 938 721 1010 appareant
744 938 841 998 actu,
866 937 900 986 et
921 942 1022 1008 opere
1042 919 1214 988 universe·

101 1006 168 1068 lner
189 1021 291 1092 atque
314 1008 490 1071 caulalrter
509 1023 620 1082 creat;
643 1006 688 1070 fic
708 1003 902 1077 intellectus
925 1005 967 1070 de
987 1006 1038 1080 se,
1062 1003 1146 1070 etin
1165 1003 1211 1084 se,

102 1087 182 1152 suam
204 1087 376 1156 rationem
397 1089 537 1178 genuit,
574 1089 610 1152 in
634 1111 700 1176 qua
722 1088 855 1168 omnia,
908 1109 972 1160 uae
992 1089 1068 1153 vult
1088 1089 1210 1176 facere,

102 1173 368 1260 praecognoscit,
400 1172 642 1260 causaliterque
669 1189 851 1259 praecreat.
934 1193 987 1238 am
1014 1193 1087 1237 non
1118 1171 1213 1238 aliud
1281 1193 1311 1232 ·.

101 1253 234 1320 dicimus
258 1257 323 1322 esse
344 1257 539 1332 confilium.
562 1271 693 1342 praeter
715 1255 914 1322 artificiosae
927 1254 1052 1322 mentis
1068 1277 1213 1344 concep·

100 1352 172 1404 tum.
214 1341 394 1404 Secundus
416 1339 530 1426 itaque
554 1357 666 1404 motus
690 1339 822 1404 animae
844 1339 888 1404 esl
909 1337 1015 1414 ratio,
1039 1360 1126 1426 quae
1153 1360 1210 1404 ve·

100 1420 155 1484 luti
182 1421 323 1508 quidam
355 1425 493 1488 obtutus
528 1421 748 1488 substantialis
779 1422 816 1488 in
849 1423 964 1487 animo
993 1419 1210 1510 intelligitur,

104 1524 136 1568 ac
160 1505 268 1570 veluti
301 1529 351 1570 ars
374 1510 414 1570 ab
436 1505 510 1592 ipso
536 1509 577 1570 de
598 1506 705 1592 seipso
726 1506 763 1570 in
785 1503 1051 1594 seiplogenita,
1082 1503 1212 1592 inqua
1286 1507 1290 1518 '

103 1609 147 1661 es,
168 1611 253 1676 quae
275 1591 353 1652 vult
372 1591 502 1663 facere.
525 1589 801 1677 praecognoscit,
825 1606 860 1655 et
875 1587 1086 1678 praecondit.
1115 1591 1210 1654 Ideo·

102 1691 156 1756 que
178 1694 249 1738 non
280 1671 453 1738 immerito
485 1674 592 1738 forma
614 1678 686 1754 ejus
707 1673 921 1748 nominatum
953 1671 1116 1759 fiquidem
1138 1669 1211 1760 ipse

103 1751 198 1838 perse
219 1753 334 1842 ipsum
357 1755 555 1841 incognitus
578 1756 642 1830 est,
678 1756 793 1822 sedin
816 1757 1021 1831 suasorma‚
1056 1776 1143 1842 quae
1165 1753 1210 1823 est
1296 1835 1299 1842 Δ

101 1835 191 1912 ratio,
225 1855 260 1900 et
289 1836 412 1924 sibiipsi
433 1855 468 1902 et
489 1839 601 1902 aliisa
652 1861 744 1906 arere
764 1839 899 1926 incipit.
940 1841 1028 1904 Nam
1051 1842 1210 1926 quemad·

100 1923 222 1984 modurn
246 1921 347 1986 causa
370 1920 523 1986 omnium
548 1858 787 2010 perpseipsam.
811 1943 917 1988 neca
940 1921 985 1986 sei
1012 1923 1062 1999 la,
1085 1923 1151 1986 nee
1166 1923 1207 1988 ab

103 2002 198 2088 aliquo
219 2001 373 2068 inveniri
395 2005 522 2092 potest,
554 2003 613 2091 qui
634 2005 690 2081 fit;
721 2005 758 2069 in
781 2005 847 2069 suis
869 2025 949 2070 vero
1005 2003 1209 2092 heophaniis

103 2089 341 2172 quodammodo
363 2087 602 2175 cognoscitur;
626 2087 673 2151 ita
695 2086 888 2152 intellectus
911 2086 971 2175 qui
992 2089 1122 2176 semper
1146 2087 1209 2153 cir·

102 2191 132 2232 ca
158 2193 229 2237 eum
257 2170 431 2246 volvitur,
464 2187 498 2235 et
530 2173 572 2234 ad
604 2173 675 2250 ejus
698 2170 883 2256 imaginem
905 2169 1047 2236 omnino
1068 2169 1210 2236 similem

101 2254 241 2320 conditus
263 2255 330 2330 est,
354 2253 458 2320 nec'a
481 2255 513 2317 se
535 2253 626 2340 ipso,
653 2275 718 2318 nec
740 2257 779 2318 ab
796 2253 909 2342 aliquo
927 2252 1075 2342 intelligi
1086 2253 1207 2352 potest,

103 2337 170 2422 quid
190 2339 247 2415 fit;
274 2339 313 2402 in
337 2337 468 2403 ratione
490 2353 602 2402 autern
625 2357 711 2422 quae
733 2339 774 2402 de
794 2336 867 2422 ipso
888 2337 1060 2412 nascitur,
1082 2334 1209 2424 incipit

103 2439 253 2506 apparere.
294 2425 399 2508 Quod
419 2443 500 2485 vero
523 2419 591 2498 dixi
615 2421 747 2484 causam
770 2419 924 2486 omnium
947 2434 982 2483 et
993 2417 1207 2486 intellectum

106 2503 242 2591 aleipfis
265 2527 339 2571 non
361 2503 470 2568 ir'rtelli
497 2503 527 2579 i,
557 2503 640 2590 quid
662 2504 742 2579 fint;
774 2525 839 2591 qua
859 2503 993 2578 ratione
1013 2503 1122 2590 potest
1143 2503 1207 2568 esse

104 2587 280 2674 paulopost
302 2528 576 2653 confiderasitur.
622 2589 842 2652 De‘secundo
864 2603 980 2663 motu,
1003 2585 1079 2674 quit
1093 2587 1147 2662 srt,
1172 2602 1208 2651 et

105 2673 180 2734 urde
194 2672 365 2759 originem
382 2675 494 2746 ducat,
513 2670 590 2734 satis
604 2671 745 2748 dictum,
764 2669 946 2768 utopinor.
970 2673 1013 2736 D.
1025 2671 1083 2734 Sat
1091 2671 1204 2756 plane.

155 2755 197 2816 M.
219 2755 360 2821 Tertius
382 2755 496 2842 itaque
517 2754 612 2818 restat
634 2771 765 2838 motus,
812 2777 847 2816 ur
870 2753 959 2818 circa
979 2753 1124 2844 singulas
1143 2753 1206 2818 fin-

106 2836 309 2939 gulsrumque
337 2861 449 2902 return
480 2837 645 2912 rationes,
683 2860 769 2924 quae
790 2777 1007 2924 simpliciter,
1049 2840 1117 2902 hoo
1148 2835 1203 2916 esi,

107 2917 322 2986 universaliter
349 2919 386 2986 in
406 2919 680 3006 primordialibus
703 2921 805 2984 causis
827 2917 987 2984 conditae
1006 2920 1102 2995 sunt,
1130 2941 1205 2984 ver·

109 2999 188 3068 latur.
228 3009 274 3069 Et
312 3026 390 3068 cum
413 3026 452 3068 ex
474 3002 677 3066 lensrbilium
698 3024 809 3066 rerum
831 3001 1012 3099 phantasiis
1034 3024 1096 3148 per
1117 3017 1206 3076 exte-

108 3081 209 3150 riorem
231 3089 365 3152 sensum
388 3085 445 3150 fibi
471 3085 641 3148 nunciatis
664 3101 777 3153 motus
799 3085 849 3148 sur
866 3084 1043 3148 substantia
1057 3083 1206 3152 issumat

108 3171 279 3246 exordium,
325 3173 369 3234 ad
402 3167 606 3256 purissimam
637 3191 748 3233 rerum
781 3168 935 3232 omnium
966 3167 1205 3234 discretionem

109 3271 156 3332 per
179 3255 327 3319 rationes
380 3251 508 3340 roprias
539 3252 574 3315 in
606 3253 757 3316 essentias
787 3249 1062 3340 generalissimas,
1098 3250 1204 3338 inque

108 3354 209 3476 genera
238 3277 468 3426 generaliora.
502 3335 625 3398 deinde
652 3337 688 3400 in
721 3337 844 3400 formas
868 3335 1062 3434 speciesque
1082 3335 1205 3422 specia-

119 3413 238 3496 tssimas,
269 3425 339 3486 hoc
362 3419 423 3495 est,
446 3417 483 3482 in
503 3439 664 3484 numeros
687 3419 951 3484 innumerabrles
971 3417 1205 3508 infinitosque,

111 3495 359 3568 immutabilibus
382 3519 494 3566 tamen
518 3518 658 3582 naturae
680 3503 757 3568 suae
779 3501 943 3592 analogiis
964 3503 1098 3579 finitos,
1130 3523 1205 3591 per·

110 3581 204 3662 venit3
234 3605 269 3652 et
289 3586 348 3650 ille
369 3603 482 3650 motus
505 3586 564 3663 ell,
589 3585 648 3673 qui
670 3589 796 3651 Graece
819 3585 947 3654 διάνοια
970 3587 1025 3650 vel
1046 3583 1204 3678 ἐνέργεια,

112 3665 211 3734 Latine
229 3692 312 3736 vero
334 3669 447 3734 sensus
470 3671 524 3733 vel
548 3669 699 3758 operatio
720 3687 880 3756 vocatur3
903 3670 1014 3760 ipsum
1036 3670 1113 3736 dico
1131 3669 1205 3736 sen·

113 3746 182 3825 sum,
202 3755 260 3841 qui
281 3751 502 3819 substantialis
525 3754 585 3830 est,
609 3769 642 3818 et
665 3753 825 3832 interior,
870 3754 907 3818 ui
928 3752 1079 3820 fimiliter
1099 3755 1140 3818 ab
1153 3753 1227 3840 in·x

115 3831 230 3902 tellectu
249 3837 406 3926 procedit
424 3859 485 3922 per
504 3835 683 3903 rationem.
727 3779 1022 3938 Omne‘iupuidem
1043 3839 1136 3936 quod
1152 3835 1204 3903 in·
1226 3841 1229 3852 ¹

115 3913 246 3990 selectus
268 3944 307 3988 ex
327 3919 597 4009 primordialium
619 3922 791 3988 causarum
805 3923 954 4011 gnpslrco
967 3938 1127 4002 contuitu
1140 3919 1203 3986 arti

115 3995 192 4078 suae,
220 4009 288 4072 hoc
319 4006 382 4083 stt,
413 4003 539 4072 rationi
569 4005 738 4094 imprimit
756 4027 817 4096 per
837 4007 969 4074 sensum
989 4007 1088 4071 suurn
1109 4027 1150 4069 ex
1171 4005 1205 4068 se

114 4090 350 4168 procedentem,
373 4093 443 4171 ejus
467 4111 512 4152 ue
532 4089 742 4178 operationis
761 4089 903 4158 nomine
917 4093 1143 4179 appellatum.
1165 4085 1203 4154 in

115 4170 249 4256 proprias
272 4173 421 4263 rationes
496 4177 651 4263 gulamm
671 4179 803 4266 rerum,
835 4196 923 4266 quae
941 4169 1206 4266 primordipliter

291 4307 305 4340 N
