3048 4856
49 2535 61 2564 Ι

528 273 639 348 Mser
661 271 815 347 Tertiae.
1157 273 1232 345 tat

116 463 209 528 culto
231 473 346 525 meatu
368 459 516 544 abyssum
536 459 725 548 superficiei
748 475 855 524 terrae
875 455 1044 544 undique,
1067 474 1105 520 ut
1123 459 1229 534 aiunt,

116 543 324 632 superfusam
344 543 511 609 lustrando
532 545 684 692 peregitt
707 545 800 632 quod
823 557 933 608 autem
955 541 1041 606 lucia
1063 543 1231 607 vocabulo

115 627 214 715 ignea
245 645 366 692 natura
397 629 507 694 adhuc
537 628 609 692 mvi
636 627 733 708 bilia,
768 643 803 692 et
830 628 962 692 occulta
995 629 1159 712 appellata
1182 629 1230 700 srt,

114 712 200 776 nulli
233 713 358 776 mirum
382 715 482 777 debet
504 711 613 776 rideri
635 711 856 800 cognoscenti
880 712 1000 776 sacram
1024 710 1230 794 scripturam,

117 797 291 863 causarum
314 797 455 861 nornine
474 796 633 870 effectae,
671 813 705 860 et
727 797 908 860 effectuum
931 794 1042 856 causae
1065 797 1231 880 appellare

113 881 238 943 solere:
274 879 412 944 effectur
442 897 554 944 autern
575 879 695 968 igneae
716 895 855 944 naturae
876 880 933 942 lux
956 877 1015 950 eil,
1050 876 1148 976 ignea
1170 877 1232 964 igi·

114 979 173 1025 tur
202 979 322 1027 natura
351 963 387 1026 in
418 963 606 1054 primprdio
637 985 748 1027 rerum
777 961 932 1034 condita,
977 983 1118 1026 nomme
1145 961 1231 1026 lucie

112 1045 328 1146 postmodum
351 1050 391 1111 ab
415 1069 452 1110 ea
473 1048 698 1134 processurae,
725 1063 759 1112 et
781 1049 891 1110 adhuc
903 1045 939 1108 in
955 1065 992 1106 ea
1009 1045 1144 1109 latentia
1160 1067 1231 1110 non

109 1150 216 1194 ancon
244 1150 304 1194 rue
331 1133 497 1218 appellata
521 1131 585 1206 est,
619 1129 772 1216 quamvis
793 1128 931 1216 quidem
952 1126 1159 1214 primitivam
1181 1132 1232 1193 lu·

111 1235 189 1278 cem
213 1153 331 1278 {alsisse
353 1213 519 1278 continuo
542 1213 763 1296 arbitrentur3
787 1229 904 1277 contra
926 1233 1030 1310 quoa,
1055 1215 1131 1279 satie
1155 1235 1173 1278 a
1192 1217 1230 1280 ὗ.

110 1303 210 1378 Augu
245 1301 298 1361 ino
328 1313 439 1362 actum
472 1299 526 1361 ell.
572 1299 675 1381 Quod
707 1313 819 1361 autern
852 1297 1020 1382 sequttur,
1053 1309 1112 1372 „et
1137 1298 1233 1364 videt

112 1383 211 1444 Deua
236 1383 347 1444 lucem
393 1383 463 1445 uod
485 1381 563 1446 esset
584 1385 693 1458 bona,
720 1398 753 1444 et
776 1381 889 1445 divisit
908 1381 1018 1443 lucem
1040 1383 1230 1456 atenebrla,
1261 1379 1263 1386 ’

112 1405 497 1550 appellavitquelucem
520 1463 620 1528 Diem
643 1481 678 1528 et
700 1467 853 1529 tenebras
877 1478 1033 1536 noctem,
1068 1480 1101 1526 et
1124 1466 1231 1529 sactus

111 1547 158 1610 est
180 1567 338 1634 vespere,
363 1563 397 1612 et
416 1569 517 1610 mane
540 1548 610 1612 dies
636 1547 804 1634 primua'’,
829 1552 870 1612 de
887 1545 1027 1644 srmplici
1044 1549 1143 1611 laude
1162 1568 1233 1612 cor·

111 1651 238 1717 poreae
260 1631 367 1706 lucia,
391 1634 500 1718 deque
523 1632 764 1718 temporalibus
787 1631 991 1702 intervallis,
1026 1631 1149 1717 quibua
1171 1630 1233 1696 cir·

111 1735 153 1776 ca
182 1715 334 1776 tellurem
369 1715 445 1790 lux,
480 1729 514 1778 et
542 1719 661 1780 umbra
686 1713 931 1780 vicissitudines
958 1713 1031 1778 suae
1053 1729 1231 1801 peragunt,

112 1797 245 1882 dictum
269 1799 331 1860 elle
355 1796 559 1870 existimant,
583 1799 642 1882 qui
665 1815 818 1876 naturam
840 1797 927 1860 lucie
950 1817 1130 1882 corporeae
1153 1819 1233 1862 con·

111 1878 218 1943 ditam
245 1879 307 1941 elle
331 1879 554 1954 arbitrantur,
578 1885 714 1966 quando
737 1881 866 1944 dictum
883 1881 942 1958 esi,
966 1893 1000 1942 et
1015 1883 1108 1944 dixit
1123 1883 1230 1961 Deus,

102 1961 180 2056 fiat
199 1963 277 2033 lux,
301 1975 335 2024 et
346 1957 455 2051 jacta
476 1961 525 2054 est
544 1963 613 2028 [ηπ.
662 1965 747 2026 Nam
773 1963 850 2048 quia
873 1963 908 2025 in
927 1963 1144 2049 aequinoctio
1160 1985 1232 2028 rer·

115 2043 197 2109 nali
209 2045 321 2192 prima
343 2045 463 2111 mundi
486 2046 640 2110 conditio
664 2045 812 2116 creditur
832 2045 937 2118 fuisse,
962 2047 998 2108 in
1022 2067 1090 2130 quo
1114 2049 1159 2111 sol
1180 2069 1232 2111 ae·

112 2128 192 2216 quis
208 2129 321 2228 'pariis
341 2130 436 2216 supra
449 2147 482 2193 et
491 2131 601 2192 subtrtr
613 2145 731 2190 terram
740 2143 901 2202 moratur,
925 2146 960 2190 ra
971 2127 1231 2196 videlicethorie
1332 2149 1338 2156 ·

114 2213 437 2298 aequinoctialibus,
470 2229 648 2300 propterea
669 2227 794 2298 putant
815 2211 944 2274 dictum
967 2213 1033 2274 else'
1049 2211 1167 2303 diviflt
1187 2217 1232 2276 lu-

111 2319 182 2360 cem
203 2319 226 2358 a
247 2298 404 2371 tenebris,
435 2317 473 2361 ac
496 2297 518 2360 fi
540 2311 653 2384 aperte
677 2293 862 2370 diceretur,
895 2307 1004 2358 totum
1026 2295 1129 2361 unius
1151 2297 1231 2362 Diei

110 2383 128 2444 s
151 2380 259 2446 atium
315 2384 385 2445 uod
407 2393 447 2462 24
473 2379 565 2443 horis
586 2377 774 2464 peragitur,
811 2379 915 2464 aequa
937 2376 1121 2475 partitione
1142 2379 1232 2446 inter

112 2403 207 2530 rilem
232 2404 360 2540 diviln,
395 2479 429 2528 et
450 2479 613 2536 noctem;
647 2460 722 2609 puia
748 2481 827 2526 vero
851 2461 1083 2526 condationem
1107 2465 1231 2551 angeli·

113 2569 176 2613 cae
197 2563 336 2611 naturae
359 2547 528 2612 creatione
546 2543 632 2609 lucie
679 2543 873 2632 gnificatam
896 2545 1228 2622 rectiuaautumant,

114 2635 151 2696 S.
177 2629 355 2716 Angrfiim'
386 2630 582 2696 divisionem
604 2629 781 2716 l'equentee
806 2627 906 2692 Lucia
930 2649 947 2690 a
971 2631 1137 2705 tenebris,
1173 2648 1231 2696 aut

115 2714 359 2780 discretionem
381 2713 537 2778 informia
561 2711 736 2786 materiae,
763 2727 797 2776 et
816 2712 978 2776 sormatae
996 2730 1166 2778 creaturae
1180 2715 1230 2780 in·

116 2789 360 2884 telligunt‚'ut
381 2797 520 2862 nomine
544 2795 630 2859 lucia
654 2795 818 2882 perfectio
842 2795 984 2870 formae,
1016 2801 1229 2864 tenebrarum

117 2901 201 2944 cero
223 2881 440 2945 informitatis
463 2879 614 2945 consusro
636 2878 836 2965 accipiatur,
861 2893 919 2941 aut
940 2879 1110 2966 duplicem
1126 2883 1231 2946 caele·

116 2964 216 3028 ilium
247 2963 457 3029 essentiarum
488 2961 699 3036 Theoriamn
721 2961 817 3024 aliter
837 2985 983 3046 namque
1005 2965 1232 3029 consideratur

22 3117 23 3120 Ἴ
116 3065 267 3113 creatura
298 3047 334 3111 in
366 3046 554 3118 rationibus
584 3045 650 3108 suis
672 3044 832 3122 aeternis,
870 3044 1013 3119 indeo,
1045 3047 1229 3112 secundum
1322 3119 1325 3129 ¹

115 3155 201 3220 quaa
223 3131 359 3196 condita
383 3133 442 3205 ell,
467 3147 500 3194 et
523 3129 619 3192 aliter
639 3128 676 3191 in
700 3130 731 3192 se
752 3128 821 3214 ipsa
844 3128 903 3190 sub
926 3131 999 3192 Deo
1013 3129 1048 3192 in
1065 3147 1230 3214 quantum

117 3231 269 3280 creatura
292 3215 353 3299 οὓς
377 3231 409 3279 et
429 3214 537 3300 prima
555 3211 696 3298 quidem
716 3211 935 3276 consideratio
952 3213 1037 3276 lucie
1052 3217 1228 3290 vocabulo,

117 3303 263 3364 secunda
285 3321 365 3362 vero
389 3301 601 3361 tenebrarum
624 3298 859 3360 consttleratur.
894 3297 938 3358 Ut
962 3297 1051 3360 enim
1068 3300 1125 3360 lux
1138 3321 1230 3384 prac-
1337 3319 1341 3326 ·

119 3385 212 3447 cedit
234 3380 380 3446 tenebris
405 3380 588 3468 dignitate,
612 3379 658 3444 ita
682 3379 812 3444 claritas
827 3395 1035 3443 aeternarum
1046 3381 1229 3457 rationum,

119 3469 305 3548 secundnm
332 3485 412 3550 quaa
435 3462 545 3528 omnia
567 3479 717 3527 creatura
739 3464 826 3527 sacta
841 3463 901 3535 cst,
924 3465 1144 3562 praeponitur
1157 3469 1229 3530 oba·

119 3547 257 3614 curitati
279 3563 530 3634 creaturae'per
552 3547 584 3609 se
606 3547 710 3634 ipsam
733 3542 977 3622 consideratam
1007 3550 1152 3648 adeoque
1176 3571 1230 3636 ap·

118 3631 259 3721 pellavit
281 3635 372 3697 Deua
393 3635 514 3697 Lucem
530 3631 651 3708 Diem,
674 3631 883 3718 splendorem
898 3631 1023 3696 scilicet
1038 3632 1230 3696 divmarum

114 3717 311 3792 rationum,
334 3715 485 3779 tenebras
503 3737 583 3779 vero
603 3729 747 3789 noctem,
771 3717 838 3779 hoc
859 3714 922 3791 est,
944 3715 1172 3780 obscuriorem
1193 3716 1229 3780 in

117 3801 152 3864 se
182 3798 254 3888 ipsa
282 3815 412 3865 creatae
442 3814 582 3864 naturae
610 3798 773 3887 speciem:
811 3801 904 3886 quod
937 3817 1048 3864 autem
1081 3799 1231 3888 sequitur

105 3879 310 3972 factumque
329 3883 395 3976 pfl,
416 3879 554 3976 vespere
574 3895 609 3946 et
628 3905 721 3947 mane
741 3885 832 3949 Dias
852 3905 933 3947 untes
953 3884 1056 3948 linem
1077 3900 1232 3971 peractae

117 3989 139 4034 o
167 3967 349 4046 erationis,
372 3983 406 4034 et
425 3965 680 4032 inchoationem
702 3966 871 4056 lequ'entie
893 3966 1077 4055 significare
1097 3967 1229 4031 volunt.

161 4071 223 4116 ane
246 4051 357 4127 enim,
381 4049 405 4116 i.
429 4073 457 4118 e.
482 4050 657 4117 inchoatio
681 4050 849 4140 sequentia
871 4051 1077 4140 operationis
1096 4050 1174 4115 linia
1188 4049 1231 4114 eu

116 4135 370 4224 praecedentia,
393 4149 428 4200 et
441 4133 680 4224 praecedentia
698 4136 862 4202 terminus
877 4134 1017 4201 initium
1033 4135 1077 4199 cll
1093 4133 1230 4221 sequen·

116 4219 182 4296 tia,
203 4218 351 4308 ideoque
371 4218 452 4285 Dice
473 4239 563 4291 unu·
576 4219 659 4296 ‚uel
681 4219 810 4305 primur
825 4217 1108 4307 finiturvespere,
1133 4220 1229 4297 cuju·

345 4451 357 4488 s
