2952 4824
291 241 356 328 aa
474 325 481 340 ,
536 195 538 201 ⁴
628 237 886 362 tre-ouante
903 211 1079 324 raam.

296 424 415 498 dietae.
428 421 557 493 formae
576 443 650 494 nou
673 421 710 492 iu
731 427 827 504 Deo,
849 418 907 504 ied
927 425 965 494 in
986 425 1095 492 nestra
1115 419 1403 508 contemplatione

294 509 555 595 dinumeratum
584 524 620 576 et
646 529 718 576 nou
744 507 828 588 Dei,
861 510 918 574 fed
948 507 1089 576 rationis
1116 507 1246 574 nostrae
1275 507 1404 570 formae

293 593 374 664 funt
398 607 538 680 propter
565 591 737 678 ¹duplicem
767 591 878 679 princi
904 591 930 656 ii
951 609 1052 679 atque
1072 591 1150 656 finis
1172 589 1405 656 confidentio-

293 694 394 752 nernt
416 695 528 762 nequa
549 672 586 742 in
608 677 684 740 Deo
703 674 740 739 in
762 697 867 741 unam
880 617 1028 741 iormam
1048 673 1268 774 rediguntur,
1291 672 1404 738 sedin

294 758 405 825 nostra
425 755 573 836 theoria,
596 777 682 844 quae
706 759 788 824 dum
810 757 1019 858 principium
1042 773 1076 824 et
1089 757 1192 821 finem
1209 755 1402 846 confideret,

258 845 262 860 '
297 845 381 912 duaa
396 844 557 928 quaedam
572 841 698 907 format
711 842 1008 930 contemplationis
1022 841 1060 905 in
1077 839 1181 926 seipsa
1195 852 1303 932 ereata
1326 859 1406 985 pura

295 924 420 988 iterum
449 922 486 986 in
508 944 613 988 unam
635 925 776 988 formam
798 923 949 993 theoriae
969 924 1106 990 videtur
1125 921 1293 1009 redigere,
1350 943 1405 987 um

297 1009 340 1074 de
360 1005 502 1092 fimplici
526 1007 662 1072 divinae
682 1023 823 1072 naturae
845 1009 978 1072 unitate
999 1004 1125 1093 incipit
1137 1021 1295 1088 tractare3
1317 1004 1406 1090 prin·

295 1089 426 1174 cipiunt
449 1088 541 1154 enim
563 1105 598 1154 et
619 1089 696 1154 finia
720 1089 857 1156 divinae
877 1107 1018 1156 naturae
1037 1087 1174 1176 propria
1185 1085 1326 1152 nomina
1337 1108 1404 1152 non

295 1173 393 1251 funt,
424 1173 482 1237 sed
509 1171 720 1239 habitudinis
748 1178 820 1253 eiua
850 1177 892 1240 ad
914 1195 1059 1260 eaquae
1081 1169 1335 1268 condita-[prata
1367 1172 1404 1234 ab
1463 1171 1464 1178 ’

294 1255 368 1342 ipsa
396 1253 492 1353 enim
519 1253 727 1354 incipiunt,
745 1272 847 1345 atque
872 1257 951 1356 ideo
971 1254 1181 1343 principium
1200 1253 1344 1329 dicitur,
1375 1267 1407 1316 et

130 1331 133 1338 “
187 1351 191 1360 ·
296 1337 527 1426 quantumin
556 1361 597 1404 eo
630 1335 1408 1412 tennrnanturutrneadefinant,finiero·

295 1422 423 1496 cabulo
444 1420 570 1486 meruit
591 1421 768 1508 appellarit
803 1423 887 1488 aliae
907 1443 988 1487 vero
1011 1426 1097 1488 duae
1117 1423 1262 1505 formae,
1295 1419 1407 1483 secun·

296 1506 377 1568 dam
398 1503 475 1569 dico
498 1519 535 1568 et
553 1505 706 1582 tertiam,
743 1525 815 1570 non
840 1507 947 1572 solum
966 1505 1003 1570 in
1027 1505 1135 1570 noiira
1154 1502 1408 1588 contemplatio·

295 1607 342 1655 ne
363 1585 567 1684 gignuntur,
597 1587 777 1654 sedetiam
798 1587 836 1652 in
857 1590 928 1676 ipsa
949 1609 1061 1652 rerum
1083 1601 1268 1652 creatarum
1291 1601 1407 1650 natura

172 1680 179 1690 “
295 1691 334 1736 re
361 1673 530 1746 errtintun
560 1669 598 1734 in
629 1693 694 1756 qua
732 1671 849 1736 causae
871 1676 911 1736 ab
934 1671 1109 1738 effectibus
1131 1671 1343 1754 separantur,
1376 1683 1408 1734 et

296 1693 438 1817 esspectua
466 1753 571 1818 eanfia
598 1757 807 1828 adunantur,
840 1754 1003 1842 quoniam
1034 1753 1071 1818 iu
1102 1773 1174 1816 uno
1198 1773 1339 1848 genere,
1370 1749 1405 1816 in

295 1837 457 1900 creatura
490 1835 587 1909 dico,
616 1857 727 1900 unum
756 1838 844 1902 sunt.
864 1863 867 1870 ·
886 1839 934 1900 tt.
956 1841 1008 1900 De
1030 1851 1175 1923 quatuor
1194 1834 1300 1920 agitur
1322 1833 1407 1898 fiunt

297 1919 397 1984 duae.
441 1921 485 1981 D.
517 1920 599 1994 Noa
623 1919 742 1984 refisto.
785 1921 836 1982 M.
866 1918 961 2004 Quid
988 1919 1013 1982 fi
1041 1920 1236 1983 Creaturarn
1260 1915 1407 1981 Creatori

189 2003 193 2010 “
297 1999 515 2080 adjunxerit?
550 2000 597 2064 ita
626 2016 665 2064 ut
691 2000 742 2066 nil
771 1999 865 2066 aliud
889 2002 927 2066 in
957 2023 995 2066 aa
1027 1999 1197 2084 intelligat
1218 1999 1281 2064 nist
1301 1999 1406 2085 ipsum

297 2082 357 2170 qui
391 2084 481 2150 solua
500 2105 580 2148 vere
602 2083 671 2147 esti
704 2082 877 2150 Nil‘enim
898 2100 990 2148 extra
1011 2083 1121 2170 ipsunt
1142 2099 1222 2146 vere
1243 2079 1406 2146 odientiale

296 2163 441 2243 dieitur,
473 2165 553 2253 quia
574 2165 689 2231 omnia
710 2188 796 2254 quae
818 2167 859 2230 ab
882 2187 922 2232 eo
944 2168 1041 2240 sunt,
1069 2163 1120 2231 nil
1141 2163 1234 2230 aliud
1255 2165 1352 2242 sunt,
1371 2164 1405 2230 iu

296 2265 463 2335 quantum
497 2249 596 2322 sunt,
631 2247 693 2312 nist
714 2247 930 2336 participatio
951 2247 1053 2334 ipiiua
1075 2244 1135 2335 qui
1156 2268 1175 2311 a
1196 2246 1304 2336 seipso
1325 2250 1407 2314 solta

298 2329 524 2418 perseipsum
546 2327 703 2406 subsrstitr
734 2351 817 2396 num
840 2331 984 2418 negabis·
1002 2332 1196 2396 Creatorem
1218 2346 1253 2394 et
1274 2331 1407 2398 Creato-

293 2433 368 2477 ram
389 2434 499 2476 unum
521 2412 609 2475 effe?
641 2415 684 2476 D.
707 2414 786 2478 Non
808 2413 908 2476 facila
928 2413 1095 2498 negarim,
1127 2413 1211 2478 huic
1232 2413 1327 2480 enim
1347 2413 1407 2480 col·

296 2493 439 2560 lectioni
459 2493 601 2558 resistere
622 2493 761 2558 videtur
777 2494 864 2560 mihi
884 2495 1105 2561 ridiculorum
1126 2496 1199 2561 effe.
1421 2527 1424 2532 ·

262 2643 263 2646 ,
359 2579 408 2640 Μ.
440 2575 644 2640 Univerlitar
670 2575 785 2662 itaque
815 2599 880 2664 qua
909 2583 1057 2643 Deua‘et
1079 2580 1240 2644 creatura
1260 2577 1407 2644 contine·

295 2677 373 2736 tur,
410 2659 504 2747 priua
531 2657 569 2720 in
599 2675 743 2744 quatuor
768 2659 876 2724 veluti
904 2663 1028 2726 format
1055 2659 1182 2738 divisa,
1216 2661 1341 2727 iterum
1369 2663 1406 2728 ad

296 2763 407 2810 tanum
433 2739 652 2808 individuum
680 2741 890 2829 principium
920 2743 1047 2832 quippe
1075 2745 1406 2831 causamquefinem·

298 2846 385 2912 qua,
409 2839 599 2889 revocatur.
641 2828 684 2888 D.
708 2827 761 2890 De
782 2825 962 2891 universali
983 2827 1179 2892 universalia
1199 2843 1341 2894 naturae
1363 2827 1405 2894 di·

237 2941 239 2947 v
295 2907 424 2973 visrone
453 2921 488 2972 et
514 2907 723 2972 adunatione
750 2907 888 2972 interim
921 2909 998 2974 satia
1027 2912 1155 2974 dictum
1176 2911 1297 2986 rideo;
1333 2933 1405 2975 nam

299 2994 344 3056 de
372 2987 655 3054 subdivisionibus
685 2991 733 3056 fin
795 3013 889 3056 arum
909 2993 1092 3058 formarum
1113 2993 1180 3058 suia
1201 2993 1288 3058 locia
1310 2995 1405 3060 confi·

297 3071 506 3148 derabimua3
541 3057 707 3139 fecundae
735 2992 816 3148 {iulo
838 3090 873 3138 et
894 3075 1029 3140 tertiae:
1044 3154 1047 3160 ,
1061 3075 1204 3162 primam
1227 3076 1354 3174 quippe
1373 3091 1404 3140 et

296 3171 469 3244 quartam,
495 3155 736 3222 subdivifionea
756 3155 824 3222 reci
852 3178 907 3222 ere
928 3179 1000 3223 non
1021 3159 1122 3223 facile
1143 3159 1295 3236 dixerrtu,
1319 3162 1404 3236 ἱςίοοὅ

260 3259 264 3267 ·
294 3261 363 3384 ffim
382 3241 425 3302 ad
446 3236 510 3334 alia
529 3249 614 3335 quae
635 3244 702 3318 jam
720 3180 864 3304 dicenia
878 3241 974 3316 sunt,
996 3245 1240 3308 naneeunaum
1255 3245 1401 3308 arbitror.

333 3362 341 3380 .
367 3321 462 3405 Quid
483 3321 546 3383 trbr
568 3320 729 3385 ridetur?
751 3343 835 3387 num
856 3321 920 3387 alia
942 3328 1089 3390 tenenda
1112 3325 1156 3388 est
1169 3325 1284 3390 semita
1303 3325 1403 3391 adin·

294 3402 550 3489 vestigationem
577 3405 820 3490 proposrtarum
852 3405 1100 3492 quaestionum,
1133 3427 1233 3494 quarn
1255 3424 1295 3473 ut
1315 3429 1404 3474 nuno

294 3487 476 3550 secundam
505 3501 646 3550 naturae
675 3487 817 3553 sormam
862 3489 1062 3554 uaeramus?
1097 3491 1258 3577 quoniam
1281 3496 1323 3558 de
1342 3491 1403 3579 pri·

293 3589 350 3633 rna
369 3567 406 3632 in
423 3566 533 3654 'priori
556 3567 642 3635 libro
663 3588 828 3668 quantum
839 3511 990 3638 (iacultaa
1014 3574 1402 3660 suppetebatconsrdera·

292 3650 425 3726 vimus,
448 3651 484 3714 in
507 3666 574 3750 quo
595 3674 701 3740 magra
724 3657 765 3718 de
783 3657 900 3720 dacem
919 3679 1033 3720 rerum
1047 3656 1201 3724 omnium
1216 3657 1401 3744 generibus,

317 3737 388 3831 prod
410 3753 546 3820 proprie
567 3738 610 3801 de
632 3737 792 3802 creatrice
813 3737 967 3804 omnium
990 3741 1086 3804 causa
1102 3741 1171 3806 dici
1184 3762 1255 3806 non
1270 3740 1400 3829 poffint,

280 3847 283 3856 a
331 3832 504 3913 aputatum
527 3819 587 3894 est,
620 3841 720 3904 quant
742 3823 784 3885 de
804 3820 875 3908 ipsa
898 3822 1053 3926 omnipm
1074 3824 1189 3900 causa3
1221 3838 1300 3890 nam
1321 3843 1401 3912 quae

293 3903 338 3966 de
368 3921 407 3964 ea
437 3903 580 3964 dicenda
607 3904 705 3978 sunt,
736 3907 779 3969 ad
799 3919 937 3990 quartae
957 3907 1085 3973 formae
1105 3908 1402 3974 confiderationem

157 4019 161 4026 ·
292 3975 490 4048 'reservanda
519 3985 582 4048 eiie
608 3986 852 4066 judicavimuet
883 4010 954 4054 uon
977 3993 1070 4078 quod
1092 4007 1127 4056 et
1146 3990 1197 4058 ibi
1217 3995 1260 4056 da
1279 3990 1401 4058 Divina

292 4067 420 4132 Natura
440 4067 576 4154 proprie
598 4068 699 4155 quid,
721 4085 784 4160 aut
803 4069 907 4159 digne
927 4093 999 4138 non
1022 4073 1177 4140 dicturos
1189 4071 1400 4166 effeprouait·

292 4164 422 4228 umore
451 4151 507 4218 iad
534 4157 627 4241 quod
656 4154 832 4244 deradito
852 4155 1008 4224 omnium
1029 4157 1068 4226 in
1089 4179 1163 4228 eam
1183 4157 1398 4248 perprimor·
