3038 4832
279 249 370 330 ἰιι
619 254 675 327 ue
694 257 877 358 ossam
895 245 1069 332 nuum.
1170 283 1173 292 ·

299 442 456 512 videmur
476 437 569 513 allud
583 441 742 523 suadere,
767 445 849 511 dum
862 444 1007 519 dicimus
1023 445 1138 510 Deum·
1150 436 1304 528 te‘tprum,
1327 439 1417 530 quud

299 529 356 604 fir,
385 526 560 626 ignorare,
590 545 690 614 quam
711 529 748 594 in
769 531 864 596 nullo
887 551 1023 603 eorum,
1060 527 1257 616 quaesunt,
1291 526 1326 589 se
1347 527 1417 589 else

296 611 514 698 intelligere?
548 611 731 695 Quomodo
760 611 851 678 enim
881 611 920 680 in
941 612 1047 700 seipso
1069 610 1176 699 potest
1196 629 1418 695 cognoscere,

300 695 394 782 quod
413 713 485 758 non
508 694 616 780 potest
635 692 673 760 in
695 693 802 782 seipso
825 696 913 762 ellel
947 695 984 760 Si
1006 693 1098 762 enim
1118 692 1266 761 rationes
1286 713 1418 766 rerum,

322 799 381 842 uas
402 774 474 864 lple
493 775 531 840 in
553 775 598 840 lei
624 777 679 853 lo,
701 781 768 843 hoc
791 779 852 858 eli,
874 778 1026 866 poterin
1049 777 1120 844 filio
1143 776 1286 850 creavit,
1307 774 1344 842 in
1361 773 1420 862 ip-

274 800 334 925 'llo
357 883 464 926 unum
485 801 820 939 indiviiuumdunt,
855 863 1051 949 nullamque
1074 860 1316 926 diffinitionem
1335 879 1421 944 pro-

297 943 393 1032 priae
419 942 634 1019 substantiae,
664 945 817 1031 proprias
845 944 1052 1014 differentias
1074 946 1133 1009 leu
1154 941 1342 1008 accidentia
1358 962 1420 1006 re·
1511 977 1512 984 ι

299 1026 451 1114 cipiunt;
486 1030 570 1090 baec
597 1025 690 1094 enim
717 1027 755 1094 in
777 1024 954 1094 effectibus
974 1028 1059 1104 luis,
1093 1049 1165 1094 non
1187 1041 1299 1091 autem
1320 1024 1357 1088 in
1380 1025 1421 1088 le

166 1129 168 1138 ‘
297 1111 376 1198 ipsus
403 1108 600 1198 patientum
633 1111 726 1196 quod
755 1113 797 1176 tle
829 1110 930 1210 ipbut
952 1111 1116 1176 ineffabili
1137 1125 1258 1178 natura
1278 1109 1419 1194 incapa-

266 1226 283 1264 η
297 1193 428 1280 bilique
450 1192 714 1262 existimandum.
759 1193 845 1279 Quis
866 1217 903 1260 ιιι
927 1216 966 1260 ea
986 1193 1124 1280 aliquod
1145 1192 1284 1259 finitum
1300 1191 1422 1256 termi-

192 1311 215 1352 μ
298 1298 362 1354 no,
396 1274 575 1342 distentum
597 1277 724 1368 spatio,
756 1277 910 1366 partibus
932 1276 1130 1353 discretum,
1155 1275 1340 1340 substantiis
1362 1295 1420 1339 ao-

229 1365 255 1435 (
300 1359 563 1448 cidcntiburque
579 1356 804 1448 ltompofitum
825 1359 1010 1447 cogitarit?
1023 1349 1104 1446 ¹'ipla
1123 1359 1238 1444 itaquo¹
1256 1357 1421 1446 ignoran-

233 1438 258 1526 'w'
298 1443 347 1512 tia
377 1443 505 1510 summa
537 1463 576 1508 ac
598 1465 678 1508 vera
698 1443 743 1506 est
763 1442 936 1529 sapientia.
982 1445 1066 1506 Tale
1087 1458 1200 1506 autem
1220 1442 1287 1516 all,
1320 1443 1422 1540 quod

300 1525 464 1614 dicimua3
495 1525 604 1592 veluti
634 1525 735 1612 liquis
762 1527 910 1612 nostrum
934 1529 976 1590 de
998 1525 1103 1611 [eiplo
1127 1524 1235 1600 dicat,
1264 1522 1421 1611 lapidem

297 1632 354 1676 me
376 1611 456 1689 elle,
478 1607 703 1684 insensatum,
737 1607 832 1674 omni
854 1608 952 1674 vitali
970 1623 1067 1673 motu
1089 1623 1277 1683 carentem,
1306 1608 1421 1674 omni-

298 1714 348 1758 no
368 1715 440 1759 non
462 1691 641 1780 intelligo,
674 1696 742 1757 hoc
763 1693 825 1770 ett,
847 1713 903 1756 me
923 1691 1072 1779 lapidem
1092 1691 1298 1755 insensatum
1317 1689 1421 1756 vitali

297 1791 397 1840 motu
418 1791 606 1853 carentem,
630 1775 772 1840 omnino
796 1795 944 1840 menon
967 1776 1029 1838 elle
1050 1771 1218 1870 intelligo..
1265 1777 1349 1839 Item
1366 1777 1422 1838 ul·

213 1875 214 1880 ’
298 1861 371 1924 lum
400 1858 576 1924 hominem
593 1856 722 1926 ,vivum
752 1857 790 1922 in
820 1877 938 1933 carne,
972 1857 1070 1921 sensu
1090 1877 1130 1922 ac
1149 1871 1282 1920 ratione
1302 1877 1421 1926 carere

297 1963 370 2006 non
392 1941 567 2028 intelligo;
604 1940 683 2028 quia
705 1961 842 2006 omnem
861 1937 1036 2007 hominem
1057 1939 1232 2004 virentem
1253 1938 1290 2002 in
1312 1960 1449 2027 carne·

296 2025 397 2096 sensu
425 2045 465 2089 ac
493 2023 627 2092 ratione
654 2044 727 2089 non
748 2045 860 2090 carere
882 2033 1071 2122 cognoscor
1100 2027 1186 2087 Item
1205 2023 1314 2086 ullum
1335 2021 1420 2088 irra-

282 2107 500 2174 tionabilem
539 2123 672 2174 motum
705 2107 903 2172 naturaliter
936 2128 974 2170 ιιι
1004 2103 1116 2169 anima
1145 2125 1221 2170 mea
1247 2105 1418 2172 suttune

297 2213 370 2256 non
401 2189 578 2290 intelligo3
609 2191 647 2256 id
668 2191 731 2268 est,
762 2191 896 2258 nullum
916 2188 1182 2254 irrationabilem
1203 2205 1336 2254 motum
1355 2205 1418 2254 na·

237 2329 240 2334 .
282 2275 613 2343 ruraliteranrmae
640 2295 737 2340 meae
762 2271 868 2339 'inette
898 2270 1073 2336 certiffime
1094 2271 1199 2359 sapio,
1242 2273 1288 2336 Et
1306 2276 1419 2338 hoca

297 2359 388 2422 sacra
408 2356 572 2444 scriptura
591 2357 762 2444 pollumus
784 2357 986 2443 approbarer
1007 2376 1088 2420 nam
1109 2371 1144 2420 et
1164 2355 1202 2420 in
1225 2355 1417 2444 Evangelio

298 2439 460 2526 legimus,
490 2439 668 2506 dominum
696 2439 734 2503 in
764 2439 887 2510 futurow
915 2437 1044 2517 judicio
1065 2437 1216 2524 reprobis
1236 2440 1415 2525 responsu·

296 2543 390 2586 rum:
414 2522 492 2586 Non
514 2522 698 2601 nocivos,
720 2525 788 2587 hoc
810 2521 870 2596 est,
892 2541 964 2585 non
985 2520 1069 2585 novi
1088 2543 1150 2586 voa
1163 2520 1202 2586 iri
1219 2522 1414 2588 rationibus

265 2631 270 2660 ι
298 2605 454 2669 οιιιιιὶιιιιι
474 2625 601 2680 rerum,
647 2626 706 2668 uas
727 2605 827 2669 Pater
848 2605 886 2668 in
907 2625 962 2668 me
984 2602 1157 2679 condidit,
1188 2627 1292 2692 quum
1313 2605 1417 2670 intel-

297 2688 368 2775 ligo
400 2709 461 2752 vos
489 2710 561 2754 non
597 2625 660 2752 elie
680 2687 716 2750 in
738 2687 840 2763 meis,
876 2709 947 2753 non
969 2685 1006 2750 in
1029 2703 1194 2775 quantum
1215 2689 1417 2754 naturaliter

296 2769 450 2835 substitui
469 2791 550 2847 vos,
573 2772 631 2836 secl
653 2785 818 2858 quantum
842 2769 1034 2856 exlegibus
1056 2771 1179 2834 vellrae
1199 2787 1340 2837 naturae
1361 2793 1416 2838 ee-

297 2852 439 2930 cidillis3
468 2853 553 2919 novi
584 2853 676 2920 enim
706 2854 799 2941 quod
830 2851 867 2918 in
889 2851 985 2918 vobis
1008 2852 1092 2930 feci,
1127 2875 1199 2922 non
1223 2855 1308 2919 novi
1329 2876 1414 2922 vero

298 2940 391 3024 quod
418 2957 489 3001 non
519 2937 605 3022 feci3
639 2935 786 3024 ideoque
816 2957 887 3000 non
915 2935 1025 3022 punio
1053 2957 1118 3002 nec
1137 2941 1294 3002 recedere
1316 2961 1336 3002 a
1357 2960 1416 3002 me

234 3041 236 3045 ·
295 3023 398 3100 jubeo
421 3021 513 3108 quod
535 3019 572 3084 in
595 3043 650 3086 me
671 3019 775 3098 novi;
797 3021 855 3084 led
876 3019 1026 3104 quodin
1042 3041 1180 3095 menon
1199 3021 1301 3100 novi,
1325 3021 1414 3088 illud
1511 3029 1512 3050 ¹

295 3103 425 3202 punio,
450 3117 484 3170 et
505 3123 600 3170 alme
620 3107 778 3168 recedere
798 3102 910 3191 praeci
936 3102 982 3167 io.
1027 3107 1164 3249 Ignorat
1184 3101 1299 3190 itaque
1318 3099 1414 3170 Deua

295 3209 333 3252 su
355 3185 469 3272 impiis
490 3188 813 3272 peccatoribusque,
837 3127 934 3274 quorl
948 3206 1028 3252 non,
1057 3184 1142 3260 ecit,
1165 3184 1302 3252 illorum
1319 3187 1414 3252 ride·

296 3269 378 3334 licet
409 3267 577 3354 malignos
612 3267 926 3355 irrationabilesque
953 3283 1079 3333 motus.
1103 3311 1104 3314 =
1128 3269 1183 3331 ΕΩ
1213 3270 1315 3335 etiam
1346 3271 1413 3334 alia
1511 3275 1512 3284 ’

296 3352 423 3438 species
453 3349 464 3413 i
491 3349 665 3424 norantias
685 3351 840 3428 in¹Deo,
878 3355 1021 3449 quando*
1037 3373 1092 3429 ea,
1148 3371 1212 3416 uae
1233 3351 1414 3450 praescivit

295 3451 331 3497 et
350 3374 630 3519 praedellinavit,
660 3434 816 3522 ignorare
838 3433 980 3508 dicutur,
1006 3437 1086 3498 dum
1107 3374 1220 3500 albae
1240 3460 1277 3502 ιιι
1298 3457 1411 3500 rerum

294 3503 459 3606 facttsrum
482 3517 628 3584 curfibus
652 3519 888 3604 experimento·
904 3537 974 3582 non
999 3515 1201 3604 apparuerit.
1233 3523 1317 3585 Inde
1337 3517 1411 3605 iple

294 3601 331 3663 in
354 3600 560 3687 Evangelio:
582 3601 624 3664 de
646 3603 701 3666 dis
721 3617 830 3665 autem
852 3603 911 3666 illa
931 3600 977 3678 (in
1003 3600 1068 3681 uit)
1090 3615 1125 3665 st
1143 3606 1228 3666 lroro
1248 3605 1413 3668 ittonam

289 3678 376 3772 scit,
397 3706 501 3768 neque
521 3685 641 3769 Angsli
661 3689 696 3748 in
710 3687 824 3762 ¹l'coalo,
845 3621 1057 3780 nsqusjtltus
1076 3688 1234 3762 hemburk,
1262 3685 1326 3790 rufi
1347 3691 1412 3752 Pa·
1511 3675 1512 3700 ¹

294 3781 347 3912 per
367 3761 469 3855 [olus.
523 3771 560 3831 ln
594 3768 721 3855 quibus·
742 3791 814 3833 non
842 3767 887 3832 est
914 3789 1056 3843 murum,
1092 3770 1117 3835 fi
1146 3769 1254 3836 futuri
1285 3769 1408 3852 ludicii

229 3869 233 3876 ·
309 3849 433 3918 cientia
463 3853 627 3916 humanos
655 3851 785 3920 animos
815 3855 927 3916 adbuc
957 3850 1092 3916 mortali
1120 3874 1220 3918 carne
1242 3855 1411 3942 deprellos

269 3995 272 4004 ,
294 3936 406 4000 lateat.
447 3937 567 4022 Neque
598 3933 868 4002 etiam2omnin0
891 3936 934 3999 de
956 3933 1093 4022 Angelis
1112 3959 1275 4025 negamus
1296 3939 1409 4020 adhpo

224 4055 226 4063 ,
296 4015 509 4114 ignorantiae
531 4019 593 4082 else
616 4039 773 4106 capaces,
807 4038 887 4083 cum
907 4017 997 4082 lucra
1018 4017 1181 4106 scriptura
1201 4043 1260 4088 eos
1280 4021 1412 4118 semper
1511 4069 1512 4098 ι

154 4137 162 4156 .
294 4103 428 4166 'discere
452 4099 646 4188 perhibeat,
680 4102 760 4167 teste
789 4101 915 4166 Sancto
944 4101 1107 4184 Dionysio
1136 4103 1339 4194 Areopagitas
1370 4125 1409 4169 tn

295 4185 437 4270 septimo
457 4183 607 4274 capitulo
630 4187 673 4252 de
693 4185 824 4254 coelesti
848 4184 1056 4264 Hierarchia,
1080 4184 1209 4254 dicens.
1250 4189 1411 4272 Theologa'
1511 4247 1512 4298 q
