2866 4822
337 189 512 328 ..aran
533 259 696 342 naam.
763 219 767 239 '
1024 253 1106 326 rae

22 467 47 510 >a
70 439 248 522 erudierit,
273 440 374 512 dixitt
395 443 596 512 medicare
611 441 814 544 evangelium
830 445 917 508 omni
928 441 1107 540 creatique.
1173 430 1175 438 ’

22 530 557 708 ‘iiiiin⁰ii¹¹i¹iii¹niiul⁶¹i2¹i⁸
572 527 1111 679 ..llll‘timnitt‘ltll‘zzt

22 699 152 760 antrbue
184 696 280 760 inum
307 693 519 781 evangelium
540 694 629 775 jnffit
650 691 855 782 praedicari,
893 693 948 756 l'ed
970 692 1030 756 ioli
1051 695 1112 758 bo·

22 778 84 842 riui
106 777 143 841 in
165 799 234 866 quo
258 777 369 846 omnia
390 793 510 842 natura
533 795 642 844 creata
667 777 873 843 continetur.
916 777 964 840 M.
991 775 1112 842 Omnia

22 882 112 947 :aque
143 878 295 927 creature
316 857 353 926 in
375 859 515 928 homine
537 862 607 926 elli
642 863 685 924 D.
715 863 791 926 Hoc
812 857 1046 924 indubitanter
1067 860 1113 924 fa·

22 948 150 1010 endum.
183 948 233 1012 M.
255 944 383 1010 Fateria
406 965 485 1032 ergo
506 948 648 1010 verbum
672 943 737 1008 Dei
759 943 795 1008 in
818 963 885 1030 quo
900 958 933 1008 et
946 965 1007 1030 per
1019 945 1112 1030 quod

21 1045 33 1092 t
64 1031 105 1092 ad
132 1031 229 1115 quud
258 1029 346 1094 iacta
377 1029 454 1092 sunt
476 1028 607 1104 omnia,
636 1027 821 1094 fecundum
844 1027 934 1092 luam
957 1025 1115 1092 divinitu

21 1135 88 1186 ern,
112 1110 150 1176 in
174 1112 314 1178 effectur
340 1113 512 1177 caularum
536 1111 738 1184 ‹leicendilie
753 1111 936 1176 secundum
951 1110 1041 1176 luam
1054 1113 1115 1174 hu·

21 1195 223 1262 uanitatem?
246 1198 289 1260 D.
314 1193 511 1270 Firmiffime
532 1195 650 1262 fateor.
694 1195 743 1260 M.
780 1195 892 1279 Quare
914 1193 1112 1259 descendit?

21 1289 38 1344 l.
73 1277 142 1344 Dic
173 1279 307 1367 quaeso.
350 1281 400 1346 Μ.
437 1281 515 1344 Non
548 1278 646 1344 aliam
671 1279 713 1342 ob
736 1277 886 1350 cansam,
917 1293 956 1341 ut
979 1277 1113 1364 opinor,

21 1363 57 1428 iit
79 1377 119 1426 at
141 1364 336 1436 causarum.
361 1383 442 1450 quae
464 1363 649 1428 secundum
671 1362 763 1426 fuam
782 1359 993 1426 divinitatem
1010 1377 1113 1426 aeter·

21 1445 119 1510 aliter
141 1462 176 1510 et
198 1445 522 1513 incommutabiliter
542 1449 668 1521 habet.
692 1445 875 1510 secundum
892 1444 981 1508 luam
998 1447 1115 1508 huma·

21 1530 139 1594 itatem
162 1529 304 1594 effectur
328 1531 486 1604 salvaret,
510 1529 545 1594 in
570 1549 614 1594 ue
635 1529 709 1598 suae
730 1527 844 1608 equire
860 1541 1054 1592 revocaret:
1075 1541 1116 1592 ut

21 1551 998 1784 r..rl;.l:‘fftt⁵¹⁵n:¹;3n³trinta?
1012 1609 1118 1758 nt

211 1743 218 1760 ·
652 1740 662 1770 r

21 1795 108 1844 ectue
142 1779 316 1846 caularum
339 1779 481 1866 quaein
504 1801 543 1844 ea
564 1775 778 1844 aeternaliter
797 1775 936 1852 vivunt,
967 1771 1040 1842 ntin
1063 1779 1119 1841 de·

21 1865 195 1937 :enderet.
218 1863 390 1940 caularum
411 1861 498 1926 ratio
545 1861 665 1935 eriret;
687 1859 910 1946 pereuntibue
932 1859 1024 1926 enim
1039 1881 1117 1925 cau·
1232 1914 1237 1940 ,

21 1969 108 2010 rrum
131 1946 310 2012 effectibus
332 1947 426 2010 nulla
439 1887 544 2008 'cattia
567 1958 774 2016 remaneret,
796 1943 880 2006 ficut
894 1942 1117 2029 pereuntibut

22 2031 106 2094 ausae
136 2028 226 2094 nulli
256 2041 470 2092 remanerent
492 2027 648 2102 effectura
684 2029 767 2090 haec
789 2025 879 2089 enim
901 2027 1119 2090 relativorum

21 2113 133 2178 atione
161 2112 263 2176 fimul
293 2110 449 2176 oriuntur
477 2124 512 2172 et
541 2109 636 2174 limul
672 2107 853 2182 occidunt,
887 2125 945 2171 aut
967 2109 1062 2174 [amul
1085 2123 1119 2174 et

21 2217 131 2282 emper
158 2209 370 2280 permanent.
423 2195 466 2256 D.
503 2193 613 2258 Totue
650 2190 765 2276 itaque
786 2192 935 2255 mundun
957 2190 994 2256 in
1016 2193 1120 2258 verbo

20 2280 65 2344 >ei
89 2276 291 2364 unigenito.
326 2276 520 2351 incarnato.
556 2273 779 2339 inhumanato
801 2275 912 2340 adhuc
933 2274 1121 2362 specialiter

20 2363 172 2430 ellitntua
195 2361 259 2436 eil.
282 2359 319 2424 in
341 2347 410 2430 fiite
431 2380 512 2424 vern
534 2357 655 2424 mundi
678 2356 879 2444 generaliter
899 2373 933 2422 et
951 2357 1119 2424 univerit·

20 2449 77 2510 lter
103 2447 142 2512 in
175 2447 296 2512 endem
322 2441 567 2510 restaurabitur.
611 2443 714 2528 Quod
739 2445 839 2538 ‘enim
861 2439 898 2504 in
919 2441 1026 2530 scipio
1039 2443 1119 2590 ripe·

21 2529 132 2594 iuliter
158 2527 322 2614 perfecit.
361 2525 562 2614 generaliter
588 2523 624 2590 in
654 2526 813 2590 umnrbna
833 2523 997 2610 perficiet.
1073 2546 1118 2592 un
1155 2575 1160 2598 .

20 2613 81 2676 lico
104 2613 142 2676 in
165 2609 324 2676 omnibut
343 2609 541 2676 hominibus
558 2610 788 2680 solummodo,
813 2607 922 2674 sedin
939 2608 1119 2674 omniien·

20 2696 90 2760 ibili
113 2709 275 2760 ereatura.
318 2695 429 2779 lpium
451 2692 611 2778 liquidem
634 2691 700 2756 Dei
723 2695 883 2766 verbum.
930 2695 1043 2758 nando
1068 2703 1121 2758 ac·

20 2778 99 2864 :epit
134 2779 317 2842 humanam
354 2791 528 2848 naturam,
569 2777 697 2842 nullam
730 2789 875 2842 creatam
906 2715 1121 2840 iubilantiam

20 2859 246 2931 tractamine,
278 2874 378 2943 quam
401 2879 471 2922 non
494 2857 636 2943 accepit.
679 2856 858 2944 Accipient
880 2855 986 2946 igitur
1006 2861 1123 2924 huma·

20 2965 85 3008 ram
107 2957 285 3013 naturam,
309 2962 444 3028 omnem
468 2955 652 3006 creaturam
674 2941 816 3028 accepit.
861 2943 909 3006 Ac
928 2965 990 3029 per
1009 2942 1121 3007 huofi

20 3046 190 3092 rumenam
210 3039 364 3090 naturam
387 3043 487 3112 quam
509 3021 663 3170 accepit,
694 3023 834 3090 salvavit
855 3038 889 3086 et
909 3023 1120 3102 restauravitt

20 3125 145 3174 ›mnem
189 3107 320 3174 refecto
341 3123 526 3176 creaturam
548 3105 582 3170 vi
610 3107 710 3174 bilem
735 3123 769 3170 et
783 3106 984 3173 invisibilem
1003 3109 1122 3174 rellan·
1164 3168 1168 3186 ‚

22 3191 104 3260 avit.
183 3192 241 3258 inc
262 3213 332 3258 non
353 3192 513 3258 incultum
534 3190 704 3258 credimua
725 3207 760 3254 et
779 3189 1123 3278 intelligimuaincar·

20 3276 183 3344 tationem
205 3275 300 3374 yerbi
324 3275 435 3372 divini
453 3297 523 3339 non
546 3274 662 3340 minue
684 3275 830 3376 angqlie,
848 3297 953 3364 ,quam
974 3275 1121 3375 homini·

20 3383 85 3510 1¹25.
102 3359 1125 3530 ltili·„ttlitfitlitllnltlrllztl.‘flgtlt‘ll

20 3528 256 3622 :qgnitionem
291 3525 635 3611 lncomprehenlibile
653 3525 780 3615 quippe
802 3542 873 3590 erat
891 3529 1033 3592 verbum
1055 3547 1125 3593 om·

20 3631 46 3671 n
76 3625 247 3676 creaturae
282 3608 404 3674 vilibili
427 3623 461 3672 et
482 3607 658 3684 invilibili.
694 3613 761 3676 hoc
782 3609 826 3674 est
845 3609 1069 3677 intellectuali
1090 3625 1125 3676 et

20 3691 185 3768 ntionali.
219 3691 354 3780 augelis
373 3690 535 3758 videlicet
556 3707 591 3756 et
609 3691 829 3767 hominibua,
857 3695 1053 3782 ptintquam
1073 3693 1125 3760 in·

20 3791 220 3854 meretum
255 3774 418 3862 quoniam
445 3789 613 3842 remotum
645 3792 680 3840 et
709 3778 872 3842 secretum
905 3777 1002 3866 super
1023 3799 1125 3846 omne

20 3861 105 3954 quod
137 3859 244 3940 eli-et
271 3861 364 3947 quod
390 3879 461 3924 non
488 3859 553 3934 etl.
588 3860 688 3946 super
709 3881 810 3926 omne
854 3863 924 3926 uod
945 3861 1071 3928 dicitur
1092 3875 1126 3925 et

20 3941 121 4006 intelli
149 3940 234 4008 'tura
269 3943 484 4010 incarnatum
514 3941 596 4008 v'ero
626 3883 854 4029 quodammoi

20 4022 158 4090 mirabel
189 4029 332 4112 quadam
371 4024 594 4113 Theophani·
622 4042 657 4092 et
685 4027 849 4094 ineffabili
881 4043 917 4092 et
940 4025 1125 4116 multiplici

20 4109 80 4174 ine
107 4107 178 4176 fine
210 4107 248 4178 in
277 4107 512 4200 cognitionem
539 4111 711 4198 angelicae
730 4114 964 4199 humanaeque
985 4125 1125 4176 naturae

20 4190 189 4278 precellit,
222 4207 257 4258 et
284 4193 383 4282 super
412 4192 528 4262 omnia
553 4193 765 4296 incognitam
787 4215 826 4260 ex
848 4195 1007 4262 omnibus
1028 4207 1125 4258 natu·

856 3967 876 4009 ο
906 3946 1123 4016 descendent.
