2970 4826
373 261 376 266 ’
502 279 796 399 uaeoanaa.
1015 225 1223 408 Ιἰιι

78 465 163 536 liter
184 461 331 530 moverit
369 464 490 530 eodem
509 465 614 530 modo
636 461 881 530 catholicorum
904 463 1083 530 doctorum
1103 464 1204 534 tradi·

79 549 134 615 tio
166 545 365 614 diffimiliter
392 545 506 616 sentit.
548 547 702 614 Primum
724 547 863 636 quidem
883 547 995 622 Deum
1015 549 1122 636 solum
1142 571 1204 637 per

83 631 232 720 seipsum
263 631 332 696 fine
360 631 438 697 loco
466 646 502 698 et
523 646 675 719 tempore
695 631 826 697 moveri
848 625 973 719 absque
993 633 1062 698 ulla
1082 631 1204 698 diecre-

81 715 203 806 pantia
232 713 475 802 dogmatizant.
518 718 572 780 De
606 731 705 782 motu
725 737 808 782 vero
828 713 1011 803 spiritualia
1032 731 1205 782 creaturae

82 797 197 868 omnir
240 797 401 866 materiae
431 798 646 884 corpulentia
676 798 803 874 liberae
830 797 1010 866 nonnulli·
1036 799 1229 872 dillonant„
1358 851 1363 860 .

82 881 239 950 theoriia.
283 881 433 967 Quidam
463 880 592 948 etenim
619 881 729 970 ipsum
764 883 834 948 solo
864 897 1016 970 tempore
1036 884 1105 948 fine
1125 885 1204 948 loeo

82 965 217 1032 moveri
239 964 423 1041 affirment,
448 976 586 1032 omnem
607 987 689 1031 vero
706 967 914 1052 corporalem
931 982 1204 1032 creaturamnon

11 1125 12 1130 γ
81 1051 195 1116 solum
217 1047 466 1152 temporaliter,
488 1071 610 1116 verum
632 1045 908 1116 etiam'lo'caliter
924 1048 1122 1116 mutabilem
1138 1050 1226 1116 effe

10 1179 11 1216 3
79 1155 155 1200 non
192 1131 383 1220 incongrue
416 1131 631 1200 arbitrantur.
683 1135 761 1200 Non
793 1131 843 1200 ibi
871 1155 989 1200 omnea
1017 1133 1203 1198 dissonante

10 1291 11 1300 ἵ
80 1237 231 1304 quorum
262 1214 449 1314 sententiae
479 1218 604 1314 beatur
625 1216 828 1304 Augustinus
848 1217 958 1294 lavet,
993 1220 1035 1282 de
1056 1221 1132 1282 Deo
1152 1218 1204 1282 lo·

10 1293 1205 1475 terraemotulectitabantunt
1296 1405 1312 1436 ,.

10 1517 12 1532 .
74 1488 146 1552 per
175 1481 305 1554 tpmpus
334 1481 369 1529 et
395 1468 508 1534 locant.
555 1467 622 1532 dlii
644 1489 726 1534 vero
747 1469 863 1533 locum
885 1483 919 1532 et
940 1483 1093 1554 tempor,
1124 1468 1204 1531 teste

9 1545 11 1640 s
82 1549 238 1616 Maximo
262 1549 298 1615 in
320 1549 516 1637 Ambiguia,
554 1551 756 1638 Gregorium
775 1553 994 1650 *Theologum
1015 1551 1204 1641 sequenter,
1293 1592 1295 1606 .

9 1687 23 1712 ,,
81 1631 324 1720 inseparabilia
351 1633 414 1698 elie
443 1633 683 1700 incunctanter
710 1635 880 1712 astruunt,
920 1657 958 1698 m
987 1651 1139 1710 tanturm
1165 1645 1205 1698 iat

9 1773 10 1780 ,
83 1741 181 1786 omne
210 1717 391 1799 temporale
419 1719 523 1782 locale
533 1715 604 1808 fir,
635 1733 670 1783 et
689 1715 867 1808 corruepfirn
889 1739 983 1784 omne
1001 1718 1105 1786 locate
1125 1729 1205 1782 tem·

9 1801 10 1810 ’
79 1802 223 1888 porcia.-
243 1814 280 1865 et
297 1801 385 1866 renuo
409 1804 505 1872 modo
526 1809 562 1866 r'n
581 1815 703 1866 notura
722 1825 830 1868 rerum
850 1805 1011 1878 ιἠυεπίνί,
1046 1803 1134 1888 qaod
1143 1795 1205 1896 so·

82 1888 119 1954 lo
139 1899 287 1968 tempore
299 1882 377 1974 stne
399 1888 487 1960 loco.
507 1888 564 1950 vel
573 1881 650 1978 solo
669 1887 741 1952 loco
758 1884 830 1972 stne
850 1899 998 1969 tempora
1017 1909 1063 1969 pn
1105 1899 1205 1951 tmo·
1243 1893 1251 1902 '

83 1974 168 2035 veri.
213 1970 280 2033 Sed
302 1967 385 2054 quid
406 1971 528 2034 borum
550 1967 814 2036 convenientius
838 1973 1024 2035 tenendum
1073 1986 1107 2043 t,
1130 1989 1203 2034 non

8 2057 9 2064 ’
84 2054 130 2120 est
150 2051 299 2118 nostrum
321 2050 510 2128 dijudicari.
549 2051 793 2138 Unurquiaque
822 2055 866 2116 de
886 2054 1009 2129 talibus
1031 2052 1205 2148 disputan·

86 2137 174 2202 tium
203 2133 292 2200 iutra
319 2131 463 2220 seipsum
496 2133 677 2210 deliberet,
709 2133 793 2222 quid
819 2132 879 2200 fibi
899 2133 1136 2200 rationabilius
1157 2135 1205 2198 se·

109 2220 262 2284 nendum
295 2217 353 2281 fit:
388 2237 452 2282 nor
481 2231 596 2282 autem
626 2220 802 2282 redeamue
832 2219 874 2282 ad
895 2218 1114 2305 propofitum.
1157 2220 1203 2282 D.

7 2369 9 2382 ‚
86 2243 197 2372 iente
233 2321 273 2367 ac
303 2299 495 2388 vigilanter.
552 2301 631 2366 Non
661 2300 753 2365 enim
782 2302 943 2366 debemur
965 2304 1007 2366 de
1028 2298 1205 2365 sententiis

7 2385 9 2404 ι
86 2381 777 2536 tlttlbtzltllllltl.'lt'b‘l
792 2381 1204 2534 “tlsdllilttltt

7 2621 8 2640 χ
87 2556 257 2627 refellerc;
293 2574 379 2640 quae
399 2553 544 2616 maxima
565 2567 599 2615 et
618 2550 838 2638 promtiffima
859 2553 956 2618 causa
976 2549 1136 2638 litigandi
1156 2551 1204 2616 io·

7 2643 8 2656 ¹
85 2641 133 2704 let
154 2637 301 2702 evenire.

152 2733 201 2798 ιθ
231 2721 281 2782 Μ.
318 2719 441 2782 Nullue
469 2717 655 2802 pie'atque
684 2717 851 2782 catholice
876 2715 1009 2808 philolo
1035 2714 1203 2794 bantium,

7 2787 8 2866 ἶ
91 2802 296 2888 divinaeque
317 2799 500 2887 scripturae
522 2797 684 2863 virtutem
705 2799 989 2864 considerantium
1009 2739 1142 2874 iixerit,
1163 2813 1206 2864 ut

7 2895 8 2964 j
90 2885 231 2971 opinor,
254 2885 328 2948 loca
350 2899 385 2946 et
406 2897 472 2947 tem
500 2903 557 2946 ora
582 2897 660 2946 ante
680 2885 847 2948 mundum
869 2880 975 2946 soille.
1019 2885 1062 2948 D.
1079 2881 1205 2948 lsthaeo

7 2981 8 3046 j
90 2965 306 3036 credentibue
329 2981 364 3030 ct
384 2907 654 3052 inteligentibue
676 2985 747 3030 non
766 2963 1039 3031 contradixerim.
1072 2961 1205 3030 Saniffi·
1235 2953 1263 3020 ¹.

7 3059 8 3062 ’
86 3074 141 3118 me
172 3049 262 3114 enim
301 3051 469 3127 credunt,
498 3065 533 3114 et
553 3047 723 3134 puriffime
742 3047 952 3134 intelligunt.
994 3047 1090 3136 Quid
1110 3047 1205 3115 enim

115 3138 307 3202 raecederet
327 3135 493 3198 mundum
514 3132 576 3197 nifi
598 3133 663 3196 sola
685 3130 885 3207 aeternitae3
907 3133 1102 3218 praesertim
1123 3153 1204 3198 cum

90 3159 251 3306 icriptum
272 3217 311 3280 fit
331 3221 440 3281 omnio
460 3221 494 3280 in
515 3231 674 3282 momento
695 3219 780 3281 oculi
791 3207 1020 3308 factasunt?
1042 3221 1132 3280 Loca
1147 3237 1204 3280 au·

91 3319 159 3368 tem
182 3317 217 3368 et
238 3301 449 3386 temporaiu
474 3322 616 3365 numero
641 3299 795 3364 omnium
817 3299 905 3363 lunt.
947 3301 1041 3368 item.
1067 3301 1204 3394 Quivi-
1319 3333 1325 3344 ·

88 3393 141 3453 uit
170 3391 206 3451 in
234 3399 400 3448 aetemmn
434 3390 564 3450 creavit
584 3381 814 3472 omniufimn'l.
857 3383 905 3446 Μ.
934 3384 1028 3467 Quid
1050 3403 1130 3470 ergo
1155 3379 1205 3447 di·
1334 3443 1344 3465 „

90 3493 223 3546 cemus,
255 3469 279 3534 fi
310 3469 384 3534 loca
416 3485 450 3532 et
479 3485 628 3555 tempora
651 3481 729 3532 ante
751 3468 918 3531 mondum
938 3489 1009 3532 non
1031 3467 1126 3532 fuere
1146 3467 1206 3532 red

91 3555 157 3618 iola
179 3551 358 3620 aeremitae
380 3552 489 3639 ipsum
510 3551 702 3639 praecellit:
726 3547 883 3636 nunquid
902 3551 1080 3616 teribmile
1101 3551 1146 3616 est
1161 3564 1204 3612 ut

93 3639 210 3704 eodem
231 3641 335 3703 modo
358 3639 536 3702 credamus·
553 3657 618 3701 nec
636 3635 708 3734 post
730 3637 898 3700 mundum
917 3634 1134 3701 remansura?
1165 3631 1203 3703 Si

55 3757 60 3766 ·
93 3719 184 3785 enim
216 3719 254 3786 in
283 3721 499 3786 univerfitate
530 3723 651 3784 mundi
680 3721 756 3784 loca
777 3733 812 3781 et
833 3732 985 3804 tempora
1005 3733 1080 3784 com
1107 3732 1205 3782 otuu·-

94 3819 167 3880 tur,
202 3825 268 3890 qua
299 3805 432 3872 ratione
461 3805 572 3870 soluto
598 3805 728 3868 mundo
759 3801 1035 3888 permanebunt?
1105 3815 1204 3866 otum
1255 3825 1260 3863 c
1300 3809 1303 3814 '

92 3887 255 3975 liquidem
277 3905 335 3954 aut
355 3887 588 3954 universaliter
608 3903 744 3962 manet,
767 3899 827 3948 aut
845 3883 1079 3954 universaliter
1094 3883 1203 3972 perite

93 3989 133 4037 ut
161 3988 274 4038 autem
305 3997 345 4038 ex
365 3989 461 4062 parte
482 3989 636 4047 maneat,
667 3985 726 4035 aut
746 3989 786 4034 ex
805 3983 902 4056 parte
922 3983 1038 4052 pereat
1058 3961 1203 4055 impoffi·

92 4057 161 4123 bile
182 4057 236 4120 eil.
282 4057 431 4122 sienim
454 4080 524 4122 una
544 4077 621 4144 pare
643 4077 682 4120 ex
703 4067 777 4120 toto
798 4049 955 4140 perierit,
983 4069 1095 4118 totum
1116 4051 1204 4116 inte·

91 4141 147 4210 rit.
188 4141 264 4204 llua
284 4161 430 4231 namque
453 4145 584 4219 demta,
605 4153 716 4205 totum
737 4155 809 4224 nou
829 4135 892 4206 etta
920 4135 1071 4206 limiliter
1091 4134 1115 4219 sa
1134 4153 1205 4198 una
1269 4183 1274 4192 .
