3038 4832
163 1329 193 1407 ,’
241 1391 243 1400 ,
297 1325 412 1392 radius
441 1325 479 1390 in
509 1327 622 1394 animo
654 1325 839 1404 refulserit,
877 1327 1077 1394 conabimur

304 221 378 294 reo
450 232 452 237 ¹
641 197 1092 297 oeoeeouenuoeae

302 407 434 474 mulum
455 397 818 555 quageobecuritetie
835 408 1109 498 engeten-quod
1126 405 1315 505 symbolum
1332 403 1416 476 fidei

302 489 489 556 fecundum
567 505 664 556 aecor
693 513 712 556 e
741 493 874 558 Nrcena
902 495 1041 576 synodo
1063 494 1242 566 traditum,
1271 512 1295 552 a
1313 493 1418 556 Patre

300 572 513 640 solummodo
536 577 697 656 Spiritum
722 578 876 642 Sanctum
896 577 1073 660 procedere
1091 574 1312 662 profitentur,
1335 573 1417 640 teste

301 655 496 748 Epiphanio
524 657 630 746 Cypri
651 647 841 746 Episcopo',
869 659 907 728 in
928 660 1015 726 libro
1037 661 1097 724 suo
1116 660 1161 722 de
1182 659 1276 723 Fide.
1315 661 1418 728 Juxta

299 762 383 806 vero
410 740 567 817 Latinos,
601 765 626 806 a
654 747 754 808 Patre
783 757 818 808 et
836 743 936 836 filio:
968 742 1120 831 quamvis
1148 739 1186 806 in
1208 739 1417 828 quibusdem
1514 761 1515 766 ’

300 827 507 891 Graecorum
536 825 799 912 expofitionibns
828 831 976 894 eundem
1006 824 1175 914 Spiritum
1196 847 1216 888 a
1233 827 1333 889 Patre
1352 845 1419 911 per

300 908 427 973 Filium
455 912 638 1008 procedere
665 909 882 997 reperiamur.
932 913 1082 1008 Ideoque
1108 907 1293 996 praesentis
1313 929 1418 994 qnae·

298 989 415 1058 stionie
437 991 634 1058 difficultate
653 995 862 1080 reperculsus
876 993 1052 1061 contrariu
1068 1014 1109 1070 co
1136 991 1316 1058 'rationum
1331 992 1417 1056 fluc-

299 1074 391 1166 tione
412 1073 542 1143 allidor.
582 1076 743 1143 Delibero
766 1077 876 1156 enim,
900 1077 983 1165 quid
1003 1077 1089 1142 mibi
1135 1079 1238 1141 ehac
1257 1075 1298 1140 fit
1312 1097 1415 1162 agen·

298 1162 405 1234 durnt
435 1161 557 1226 Utrum
587 1159 718 1228 silentio
741 1180 816 1227 eum
835 1160 1117 1238 honorificemus,
1149 1162 1230 1226 dum
1250 1157 1339 1224 vireo
1359 1157 1415 1222 in-

297 1241 465 1308 tentionis
484 1243 613 1310 noiiree
633 1245 781 1329 superate
806 1267 850 1310 en
865 1247 1132 1332 quodammodo,
1154 1257 1258 1342 prout
1273 1240 1414 1340 divjnue

1137 1348 1290 1412 mpprem
1321 1340 1416 1390 mter

296 1431 362 1476 not
381 1431 453 1475 non
475 1424 600 1477 temere
621 1410 805 1477 diffinitum
825 1409 978 1478 intueri?
1007 1415 1050 1476 D.
1072 1346 1154 1474 Ndii
1176 1429 1415 1494 expavescere:

296 1492 485 1560 nonenim
507 1493 581 1574 ille,
638 1495 675 1558 ui
697 1495 886 1642 quaeritur,
907 1507 1107 1582 quaerentes
1129 1493 1163 1557 se
1187 1490 1324 1567 deserit,
1345 1511 1416 1556 nec

295 1575 498 1643 inveniendi
526 1579 559 1642 se
578 1601 624 1665 po
662 1577 698 1642 bi
711 1593 829 1642 itatem
849 1577 906 1664 pie
928 1599 968 1642 ee
987 1575 1162 1644 humiliter
1182 1573 1416 1662 investiganti-

294 1661 362 1726 bus
384 1664 539 1748 denegat.
562 1663 642 1748 lpse
654 1661 818 1749 liquidem
841 1661 899 1736 eit,
915 1665 1079 1745 patience
1098 1661 1296 1743 accipietis3
1313 1679 1416 1743 qeme-

296 1745 381 1818 ritc',
411 1757 446 1807 ct
473 1749 668 1820 invenietis3
699 1739 852 1837 pulsate,
882 1758 918 1808 ct
947 1747 1115 1828 aperietur
1143 1743 1249 1810 vobis.
1295 1746 1415 1811 omnis

298 1831 403 1900 enim,
424 1829 483 1912 qui
501 1831 607 1910 petit,
627 1831 777 1911 accipit:
804 1841 839 1891 et
856 1831 914 1926 qui
933 1832 1080 1913 quaerit,
1110 1829 1256 1903 iuvenit,·
1285 1840 1319 1890 ct
1338 1829 1415 1910 pul·

291 1906 388 2006 [orti
415 1916 591 1995 operietur.
633 1913 683 1975 M.
713 1909 827 1976 Primo
856 1910 963 1996 egitur
994 1913 1037 1983 de
1062 1908 1134 1986 hie,
1167 1931 1253 1996 quae
1279 1905 1317 1973 in
1343 1913 1413 1976 hec

295 1992 487 2084 quaestione
507 1994 639 2079 sibimet
658 1995 822 2060 ridentur
842 1993 1095 2070 contradicere,
1119 1993 1301 2070 dicendum
1324 1993 1413 2058 erbi-

294 2095 375 2145 tror.
417 2083 461 2150 D,
487 2080 559 2144 Nec
581 2078 645 2144 alie
665 2077 723 2142 rie
743 2077 929 2166 quaerendi
950 2077 1011 2152 est,
1033 2097 1134 2142 nemo
1157 2075 1249 2142 enim
1270 2097 1413 2141 coneor-

204 2207 206 2214 ,
296 2161 412 2228 dantia
440 2161 614 2248 copulabit
622 2187 638 2238 ,¹
667 2160 730 2229 nifi
758 2159 852 2247 ptine
883 2157 1120 2226 discordantia„
1141 2157 1252 2226 dividi
1272 2158 1412 2224 caverit.

294 2247 347 2312 M.
368 2247 461 2310 Num
482 2243 547 2308 tibi
566 2243 705 2310 videtur
723 2259 816 2308 recte
836 2243 917 2308 fidei
940 2242 1142 2320 convenire,
1172 2257 1213 2306 ut
1234 2244 1412 2308 credamne

294 2327 406 2409 filiurn
427 2347 469 2392 ex
488 2349 558 2390 unc
579 2327 693 2403 cause,
713 2328 813 2392 Patre
832 2324 995 2392 videlicet
1014 2323 1124 2402 nesci,
1154 2323 1307 2390 sanctum
1325 2345 1413 2392 vcro

294 2413 313 2476 i
333 2411 451 2475 iritum
472 2429 512 2473 cx
535 2411 683 2486 duabus,
703 2407 955 2475 Patre-scilicet
975 2431 1014 2474 ac
1035 2409 1108 2474 filio
1154 2412 1322 2475 recedere.
1337 2479 1338 2482 ,
1354 2411 1413 2474 Ex

320 2496 427 2558 uabue
452 2513 600 2579 namque
628 2493 733 2557 caude
761 2514 867 2556 unam
895 2493 1028 2558 cauinn
1059 2433 1249 2570 conduere,
1280 2491 1413 2559 rationi

292 2599 368 2643 non
398 2573 499 2640 facile
528 2573 693 2652 occurrit,
728 2572 923 2663 praesertim
954 2575 992 2640 in
1024 2573 1167 2664 fimpiici
1196 2591 1338 2652 natura,
1374 2591 1414 2642 et

272 2661 474 2760 'piusquam
503 2657 668 2756 simplici,
698 2674 734 2722 et
759 2673 800 2723 ut
819 2657 934 2723 verius
955 2659 1104 2742 dicetur,
1134 2659 1172 2724 in
1193 2657 1264 2746 ipsa
1286 2659 1412 2746 fimpli·

163 2760 171 2774 ·
292 2759 397 2808 crtate
418 2741 514 2808 omni
534 2739 697 2807 drvifione
715 2741 1010 2818 etnnmerofitete
1030 2758 1184 2819 carente;
1206 2746 1248 2808 nb
1265 2765 1335 2808 une
1349 2766 1411 2808 en·

293 2843 364 2893 tem
385 2825 482 2892 cause
502 2826 625 2891 multae
646 2825 759 2908 causeq
781 2847 956 2914 erumpere
976 2825 1093 2892 multis
1118 2823 1279 2912 exemplie
1298 2827 1411 2913 potest

207 2908 210 2920 '
293 2907 482 3008 approbari.
525 2906 694 2974 Omnibut
714 2931 862 2996 nemque
881 2925 973 2974 recte
992 2908 1313 3007 Philosophentibue
1331 2925 1410 2996 per·

292 2993 410 3082 spicue
429 3007 541 3078 petet,
564 3013 605 3056 ex
625 3011 697 3056 uno
719 3013 843 3078 genere
864 2994 986 3056 multae
1007 2993 1131 3058 fonnee
1145 3013 1258 3069 nacon
1282 3014 1321 3056 ex
1334 3014 1411 3060 mo·

160 3073 163 3082 '
290 3075 381 3142 nude
401 3077 528 3141 multoe
550 3093 734 3160 nnmeroe3
757 3091 949 3162 expuncto
969 3076 1092 3139 muitae
1112 3073 1230 3140 lineae.
1264 3077 1409 3142 Fonuee

290 3182 404 3225 rerum
436 3157 600 3234 diversae,
630 3176 716 3244 qnae
745 3178 786 3222 ex
810 3177 883 3224 uno
915 3179 1039 3244 genere
1069 3173 1273 3236 nascuntur,
1306 3161 1410 3224 ceusu

291 3243 383 3310 fiunt
408 3239 594 3328 specierum
621 3238 897 3317 individuarum,
930 3259 971 3304 ex
997 3239 1121 3328 quibus
1148 3257 1184 3304 et
1211 3240 1249 3304 in
1277 3241 1407 3327 quibu·

288 3323 546 3398 multitudines,
578 3323 868 3411 quantitatesque,
891 3322 1156 3410 qualitatesque,
1179 3323 1408 3390 differentiae-

289 3430 356 3496 que
377 3421 574 3504 naecuntur.
622 3406 763 3472 Numeri
786 3429 827 3472 ex
847 3409 993 3473 monade
1015 3409 1239 3505 procedentes
1260 3407 1407 3506 diverso·

284 3489 1407 3660 fftttt‘jttttttdttftt‘offittttttttttttssttt

286 3673 417 3746 puncto
431 3659 864 3745 procedenteeenguiornm
873 3658 1067 3734 etleternm,
1082 3656 1276 3722 latitudinis
1285 3671 1319 3724 et
1327 3659 1405 3724 elti-

285 3741 416 3807 tudinie
436 3741 553 3806 causae
571 3739 836 3828 dignoscuntur,
860 3761 945 3838 quae
962 3739 1086 3806 iterum
1106 3739 1405 3808 Geometricornm

285 3845 467 3912 corporum
485 3825 673 3892 occefionee
688 3825 789 3893 fiunt.
812 3825 906 3911 Qutd
918 3825 1030 3891 dicem
1039 3827 1081 3891 de
1089 3821 1193 3912 igneo
1201 3825 1401 3892 elemento?

307 3912 378 3974 uod
398 3931 478 3977 oum
497 3908 538 3974 fit
557 3927 666 3975 unum
686 3924 787 3998 atque
806 3909 959 3995 simplex,
988 3908 1027 3974 in
1047 3907 1155 3996 seipso
1176 3925 1212 3974 et
1257 3931 1293 3975 er
1313 3907 1400 3996 seip-

299 4013 358 4058 um
377 3994 640 4074 consideratum,
673 3992 793 4060 enoria
813 3992 910 4058 fimul
931 4005 967 4058 et
985 3991 1073 4060 lucio
1093 3993 1191 4058 censa
1212 3931 1274 4070 ὥς
1305 3994 1401 4058 calor

283 4090 398 4142 entem
426 4075 621 4144 ardentibus
648 4075 789 4144 ardendi
817 4075 916 4141 cause
945 4073 1008 4153 est3
1037 4078 1097 4142 lux
1117 4073 1267 4144 steriliter
1287 4077 1400 4164 [pleu-
1514 4069 1515 4076 '

234 4255 239 4266 x
284 4159 442 4232 dentibue
462 4159 662 4250 splendendi
681 4161 780 4234 ceusu
798 4157 1031 4240 musetum,
1062 4159 1222 4248 splendor
1244 4159 1396 4232 etvetus
