2866 4822
312 227 391 302 466
640 221 693 298 sle
715 231 896 300 mone
918 230 1091 302 Naturae.

309 417 460 504 quodam
481 413 580 480 nobis
603 415 714 480 adhue
734 414 913 503 incognito
934 437 1004 480 non
1028 417 1084 492 stt,
1113 432 1152 482 ιιι
1174 418 1311 504 opinor;
1342 441 1385 482 mr

314 499 404 566 enim
425 499 616 586 putandum
639 499 683 562 est
703 501 875 564 Romanae
897 498 1034 586 linguae
1056 515 1208 574 auctores
1229 505 1312 566 hanc
1327 523 1386 587 mag·

313 605 392 650 nam
434 580 659 669 quaestionem
688 580 849 646 intactam
878 571 1142 668 piaetermisrsse,
1186 599 1245 648 aut
1272 601 1386 652 notatam

311 689 383 734 non
408 666 576 740 tractasse,
601 665 656 730 sed
679 670 770 750 quod
791 665 826 730 in
850 687 969 730 manus
991 685 1104 738 meas,
1140 668 1247 752 siquid
1268 668 1340 733 inde
1356 672 1387 730 ds

311 750 448 816 finitum
471 749 536 822 est,
559 769 631 813 non
653 749 819 834 pervenit.
862 751 1010 834 Ideoque
1035 753 1114 814 dum
1138 749 1197 814 diu
1244 773 1278 816 er
1298 775 1343 816 me
1359 751 1387 834 ip

314 836 386 899 sum
409 836 450 899 de
472 835 539 896 hoc
559 831 768 918 cogitabam,
791 833 840 896 nil
867 831 958 896 aliud
980 833 1063 896 mihi
1086 775 1301 910 occurrerint,
1327 855 1386 921 pras

313 933 365 982 ter
385 918 476 1003 quod
497 913 695 980 resurrectio
717 932 926 980 mortuorum
949 915 1149 1002 generaliter
1169 920 1329 984 bonorum
1346 939 1386 984 na

310 1003 421 1066 lorum
446 1019 490 1062 ue
517 1019 589 1064 non
618 997 681 1062 nist
709 999 777 1064 sola
806 999 1004 1064 redemtoris
1037 997 1158 1064 mundi
1187 1001 1292 1086 gratia
1311 1003 1386 1064 satan

311 1085 368 1160 tit,
390 1021 484 1148 adila
504 1079 649 1146 nl'turali
673 1079 799 1146 virtute
820 1099 984 1168 cogente,
1007 1081 1044 1148 in
1068 1098 1217 1158 tantum,
1240 1101 1278 1148 ut
1296 1085 1386 1150 ereu

310 1169 452 1231 verbum
473 1185 549 1230 caro
572 1165 699 1230 sactum
720 1187 792 1230 non
813 1165 925 1240 fieret,
950 1181 985 1231 et
1005 1165 1095 1232 inter
1115 1166 1270 1232 homines
1287 1189 1386 1232 conver·

311 1251 403 1316 satus
426 1269 496 1314 non
519 1247 616 1320 esset,
642 1263 803 1314 ettotam
827 1253 1009 1314 humanam
1031 1265 1184 1314 naturam
1207 1273 1277 1315 non
1297 1251 1385 1335 recipe

312 1349 383 1410 ret,
405 1331 442 1396 in
465 1353 530 1420 qua
551 1331 658 1418 passus
680 1331 724 1396 est
744 1348 779 1396 et
794 1333 997 1408 resurrexit,
1035 1335 1128 1398 nulla
1151 1349 1387 1398 mortuorumrs

310 1413 473 1482 surrectio
499 1415 607 1492 soret,
631 1429 665 1478 et
685 1429 725 1479 ut
745 1417 789 1479 lic
810 1415 1052 1504 intelligerem,
1076 1437 1117 1482 eo
1142 1416 1259 1502 quodi
1285 1415 1385 1484 sedirit

313 1516 472 1568 attractus
495 1519 608 1573 eram,
631 1521 690 1581 ego
701 1492 780 1588 sum
800 1493 994 1590 resurrectio
1017 1513 1052 1564 et
1073 1503 1170 1576 vitm·
1194 1521 1234 1564 ac
1255 1441 1347 1589 dper
1361 1499 1386 1562 ss

274 1629 280 1636 -
311 1589 379 1652 lam
400 1581 669 1648 incarnationem
691 1587 762 1662 ejus
784 1586 939 1668 generale
960 1587 1026 1648 hoc
1049 1585 1177 1648 donum
1197 1586 1293 1648 nullo
1310 1604 1387 1666 excep

312 1685 349 1734 to
373 1688 478 1754 genus
499 1667 685 1729 humanum
708 1665 893 1764 acceperit,
925 1666 1203 1732 resurrectionem
1226 1666 1386 1732 videlicut

313 1749 476 1822 mortuis,
505 1751 572 1812 hoc
594 1747 638 1810 eli
657 1747 901 1813 restitutionem
925 1765 959 1814 et
979 1749 1300 1836 redintegrationem
1320 1749 1386 1815 totiu

313 1829 464 1899 hominis
493 1845 649 1905 naturae,
691 1853 776 1918 quae
806 1853 946 1918 corpore
981 1849 1015 1896 et
1036 1833 1146 1897 anima
1172 1829 1386 1898 constituturi

315 1917 351 1982 Si
374 1931 487 1979 autem
509 1913 575 1978 Dei
596 1917 738 1978 verbum
759 1918 942 1980 humanam
963 1931 1116 1980 naturam
1138 1938 1209 1980 non
1235 1917 1386 2005 surriperet

315 1999 407 2066 etin
431 2020 469 2062 ca
491 2019 530 2062 ex
551 1997 693 2064 mortuis
715 2019 786 2064 non
807 1999 1012 2086 resurgeret,
1035 2001 1149 2064 nullus
1168 2000 1386 2066 omninoresu

312 2081 476 2150 rectionis
498 2081 637 2170 gratiam
659 2085 819 2154 haberet,
843 2083 900 2146 sed
921 2084 1004 2147 ficut
1026 2099 1213 2148 ceterorum
1234 2083 1386 2149 animalium

314 2170 497 2240 cadavera,
528 2163 564 2228 in
597 2181 730 2232 terreno
758 2167 897 2251 pulvere
931 2165 1172 2252 perpetualiter
1192 2169 1333 2234 humans
1347 2185 1386 2228 ιιι·

342 2271 398 2315 ora
451 2263 671 2312 ermenerent.
722 2251 799 2313 Hoc
831 2249 937 2312 etiam⁴
953 2252 1112 2334 putabam
1135 2249 1277 2316 audiens
1297 2247 1386 2337 spots

314 2275 387 2400 ium
418 2273 606 2404 dicentem,
642 2333 734 2416 quod
762 2333 859 2397 Deus
878 2333 1009 2396 verdum
1021 2330 1076 2421 stt
1094 2337 1269 2414 primitiae
1289 2347 1385 2401 mortar

314 2439 395 2480 rum.
430 2415 523 2476 Haec
546 2427 615 2476 erat
636 2407 711 2476 me'a
737 2415 778 2478 de
799 2415 1042 2493 resurrectione
1063 2431 1276 2484 mortuorum
1297 2414 1384 2506 opinis

316 2502 383 2564 Sed
403 2496 574 2582 postquam
597 2495 711 2559 Sancti
731 2497 916 2583 Epiphanii
938 2497 1099 2586 Episcopi
1129 2502 1335 2568 Constantine
1350 2499 1385 2575 cr·

315 2581 369 2670 pri
390 2583 594 2657 Ancoratum
616 2579 802 2645 sermonem
827 2585 868 2644 de
890 2581 972 2646 Fide
993 2582 1079 2668 legi,
1101 2583 1285 2672 magnique
1302 2587 1385 2666 orep

315 2665 359 2730 rii
387 2663 518 2728 Theolo
546 2661 553 2676 '
586 2663 628 2726 de
655 2661 805 2750 imagine
826 2663 1113 2752 disputationem,
1145 2670 1386 2734 mutavisenter

315 2748 415 2824 tiam,
438 2761 477 2810 ut
498 2745 522 2809 il
538 2767 633 2810 orum
657 2746 849 2812 auctoritati
873 2749 1087 2814 consentiens
1103 2771 1283 2840 meamque
1295 2745 1386 2840 opiuit

315 2853 394 2896 nem
416 2852 534 2916 parum
556 2831 727 2916 pendens,
750 2831 1028 2898 resurrectionem
1049 2849 1262 2902 mortuorum
1282 2825 1385 2902 naturrli

314 2913 441 2978 virtute
462 2915 608 2977 suturam
631 2913 693 2976 esse
714 2918 945 2979 concederem.
977 2919 1124 3014 Ideoque
1146 2924 1326 2986 eorundem
1344 2933 1386 2976 ru·

315 3001 358 3063 ba
378 2996 460 3062 huic
481 2996 608 3062 nostrae
628 2997 795 3084 praesenti
817 2995 1040 3084 disputationi
1061 3001 1205 3074 inserere
1226 3004 1386 3068 nonincou·

317 3103 438 3168 gruum
471 3078 630 3164 judicavi.
685 3081 858 3145 Praefatus
879 3081 993 3169 itaque
1014 3082 1227 3170 Epiphanius
1251 3091 1291 3153 de
1309 3082 1388 3151 Resu-

315 3164 469 3230 rectione
499 3163 691 3250 disputans,
740 3165 952 3252 Graecosque
977 3165 1255 3236 resurrectionem
1287 3163 1388 3234 omnint

316 3263 479 3394 negantes
501 3245 729 3320 convincens,
758 3251 842 3312 haec
866 3250 929 3314 ait:
962 3250 1106 3324 „Graeci
1131 3255 1268 3339 quidem
1291 3248 1388 3340 pertita¹

316 3353 352 3394 re
369 3329 592 3394 arrectionem
605 3345 751 3417 negant,
774 3330 961 3396 Dominum
977 3333 1171 3419 ignorantes
1185 3343 1320 3424 ejusque
1329 3351 1387 3398 nan·

318 3417 413 3496 data3
446 3427 667 3476 veruntamen
697 3415 872 3500 resurgent
906 3415 1006 3480 etiam
1027 3419 1195 3484 nolentes.
1241 3421 1310 3506 lpsa
1328 3411 1387 3480 anio

318 3513 468 3562 creatura
494 3497 594 3582 plane
616 3517 672 3562 eos
692 3499 885 3584 redarguit,
917 3499 1129 3566 manifeslans
1151 3503 1303 3590 quotidie
1319 3498 1388 3564 resu-

316 3578 477 3644 rectionis
509 3580 660 3646 sormam.
706 3581 843 3646 Occidit
869 3603 1015 3682 namque
1037 3583 1128 3662 dies,
1161 3603 1195 3650 et
1215 3597 1387 3652 mortuoram

316 3661 471 3726 imitatur
487 3667 644 3738 modum,
667 3666 775 3728 ablata
795 3681 897 3730 nocte
918 3682 1026 3732 orrtnr
1047 3667 1137 3742 dies,
1161 3691 1225 3735 nos
1246 3669 1300 3734 ins
1319 3667 1386 3730 inat·

317 3763 352 3810 et
384 3745 634 3812 resurrectionis
662 3748 793 3833 fignum
821 3748 1004 3816 insinuans.
1050 3753 1269 3840 colliguntur
1341 3759 1387 3811 ctu

318 3844 353 3892 et
379 3829 476 3892 status
499 3829 724 3914 praesentium
744 3831 891 3908 secatur,
924 3833 1052 3899 nostrae
1072 3836 1154 3900 h'inc
1176 3828 1387 3902 transmutatis

314 3909 370 3976 nis
393 3911 530 3978 definita
552 3912 679 3997 specie:
701 3914 883 3980 seminatur
903 3931 990 3983 terra
1010 3935 1045 3984 et
1088 3921 1240 3988 reducit:
1270 3917 1340 4008 quis
1356 3915 1387 3976 dt

315 3994 420 4082 posita
448 3995 573 4059 semina
600 3997 671 4084 poll
691 3995 845 4075 messem,
881 3999 918 4065 id
938 4003 983 4067 est
1003 4021 1049 4092 po
1095 4004 1328 4070 collectionem
1345 3997 1387 4061 fra

314 4101 396 4166 gum
426 4079 609 4166 resurgent.
659 4083 799 4147 Locusta
818 4099 951 4151 mortua
972 4100 1008 4151 et
1027 4087 1175 4174 sepulta,
1208 4089 1299 4176 quod
1318 4103 1350 4148 ex
1364 4095 1386 4139 tt

312 4167 502 4246 projectum
523 4163 730 4253 conspicitur
750 4165 788 4232 in
809 4181 912 4246 terra,
935 4185 970 4235 et
989 4171 1062 4256 poll
1082 4185 1215 4259 tempus
1236 4178 1385 4252 ιιιιιιιιιιι
