2970 4826
307 243 388 320 410
478 323 482 328 ,
628 248 685 322 lle
703 247 889 324 mom
907 247 1083 324 Naturae.

306 431 407 503 novit
438 431 569 500 sensnm
594 430 764 500 Domini?
792 437 932 536 lgmrsa
962 435 974 502 l
1013 452 1068 508 tut
1088 459 1155 526 qua
1174 437 1309 506 radone
1330 443 1432 509 Deus

308 517 392 587 iecit
410 517 608 592 mulierem,
630 535 732 605 qnam
753 517 818 584 tim
840 519 959 586 dediti
998 543 1125 608 guono.
1149 519 1282 622 inquis,
1306 525 1332 591 li
1355 549 1433 594 non

303 603 343 671 in
373 599 578 684 adjutorium
599 601 853 691 propagationis
875 619 910 669 et
930 604 1225 693 multiplicationis
1256 611 1435 676 humanae

307 703 466 763 naturae,
501 685 646 774 quaein
668 708 724 752 me
744 684 902 774 primitus
924 688 1011 754 iacta
1034 689 1097 765 est,
1120 707 1154 766 et
1176 713 1217 756 ex
1236 695 1431 781 me‘auspi·

305 769 398 839 cium
427 768 673 859 procreationis
703 770 846 858 accepit.
889 771 956 837 Hic
989 771 1053 839 tibi
1083 783 1242 852 occurro,
1275 797 1433 865 veraque

173 905 181 917 .
304 855 439 924 ratione
470 856 571 920 talem
600 852 830 938 intentionem
858 857 997 942 repello.
1044 857 1123 924 Non
1153 857 1245 926 enim
1273 861 1431 928 hnmana

304 955 425 1005 natura
452 936 701 1027 ignominiosae
723 937 954 1026 generationis
981 963 1021 1006 ex
1041 943 1192 1008 masculo
1217 959 1252 1008 et
1272 943 1430 1010 foemina

179 1045 185 1058 ·
241 1084 252 1100 ,
278 1055 280 1066 ·
303 1021 342 1088 in
363 1021 584 1090 fimilitudine
604 1019 887 1102 irrationabilium
908 1023 1105 1090 animalium
1123 1024 1308 1115 indigeret,
1333 1030 1428 1094 fisu-

303 1106 492 1196 perbiendo
520 1107 664 1254 inserpat
691 1104 913 1193 simplicitatis
943 1107 979 1172 in
1002 1129 1068 1194 qus
1088 1111 1131 1174 ad
1152 1109 1338 1198 imaginem
1359 1113 1429 1178 Dei

304 1189 443 1257 condita
466 1190 529 1264 eli.
558 1211 606 1276 pu
621 1188 825 1255 critn'dinem
848 1190 1056 1277 spernendo.
1087 1195 1228 1260 modum
1250 1197 1429 1282 angelicae

303 1272 600 1361 multiplicationis
629 1271 688 1361 qni
720 1271 900 1348 omnino‚‘
921 1291 962 1350 ut
990 1277 1042 1340 lae
1069 1297 1087 1340 e
1114 1281 1181 1357 jam
1214 1277 1347 1344 dictum
1368 1281 1425 1358 eli,

303 1359 443 1424 iexnnm
464 1359 587 1444 copula
609 1372 717 1433 caret,
737 1378 809 1422 non
827 1357 1007 1426 ,desereret
1073 1381 1171 1426 uaere
1190 1359 1305 1450 itaque
1322 1364 1425 1430 aliam

301 1443 489 1517 rationem,
525 1463 591 1528 qua
620 1439 720 1528 pollis
738 1441 905 1517 affecere,
939 1463 1000 1507 cur
1033 1442 1096 1508 ubi
1117 1443 1240 1510 mulier
1262 1449 1340 1512 dsta
1363 1447 1427 1514 elit

302 1526 360 1592 ilia
391 1525 553 1613 liquidem
584 1546 684 1612 qnam
714 1522 872 1612 posuisti,
907 1523 985 1589 falla
1009 1526 1061 1591 eli.
1106 1531 1219 1616 lmago
1242 1528 1336 1594 enim
1358 1532 1425 1596 Dei
1465 1541 1466 1544 ’

304 1613 347 1676 ad
382 1631 481 1702 qnam
503 1610 607 1673 bomo
630 1609 738 1673 factus
760 1607 842 1682 ell‚'
861 1608 954 1680 omni
979 1610 1057 1674 sexu
1078 1610 1183 1676 libera
1206 1614 1250 1677 eli
1273 1628 1306 1678 et
1328 1616 1423 1680 abso·

301 1693 384 1759 luta.
428 1691 534 1756 Aliam
568 1690 653 1756 dicis
683 1689 806 1778 ignoro
835 1709 968 1776 praeter
997 1715 1070 1758 eam
1100 1717 1201 1783 quam
1233 1696 1423 1776 introduxi,
1465 1753 1466 1760 ,

302 1791 337 1842 et
365 1799 385 1842 a
413 1792 447 1842 te
475 1775 680 1841 infirmatam
709 1773 823 1840 video.
868 1774 976 1840 Miror
1008 1798 1069 1842 cnr
1099 1793 1133 1842 te
1155 1779 1240 1844 dicis
1262 1778 1422 1866 ignorare
1465 1821 1466 1832 κ

300 1879 561 2010 {idithim
581 1873 639 2030 ξῗ
657 1873 770 2006 „litt
800 1855 1421 2033 iiiiiiiifissioeiiiir[iiiiii

299 2043 454 2094 mortuns
486 2028 577 2102 lum.
608 2046 680 2092 non
711 2024 845 2113 ignoro.
890 2026 1022 2091 Clamat
1052 2027 1202 2094 enimin
1224 2053 1279 2095 me
1299 2031 1421 2097 incon·
1465 2043 1466 2104 ζ

300 2113 389 2179 culia
410 2127 445 2177 et
466 2108 667 2198 apertissima
687 2109 794 2186 ratio,
817 2111 910 2196 quod
932 2109 1033 2175 etium
1056 2114 1221 2198 approbat
1234 2117 1421 2182 multorum
1465 2115 1466 2184 l

299 2212 434 2285 patrum
468 2195 664 2260 auctoritas.
709 2195 812 2280 Quod
842 2192 1033 2274 fihumana
1055 2211 1175 2260 natura
1196 2197 1232 2262 in
1256 2197 1326 2284 ipsa
1351 2201 1423 2264 lim·
1465 2219 1466 2224 ¹

298 2278 476 2368 pliciffima
514 2277 794 2378 fiuceriffimaspue
827 2275 976 2342 Divinae
1013 2277 1172 2365 imaginis
1209 2281 1421 2348 beatitudine
1465 2339 1466 2368 p

325 2377 531 2437 ermeneret,
556 2361 644 2426 nulli
665 2363 757 2425 sexui
777 2361 1027 2436 succumberet,
1049 2363 1177 2427 nullam
1198 2367 1422 2431 contumelio·
1465 2395 1466 2418 ι

297 2387 366 2510 iam
384 2443 670 2544 propagationem
693 2445 780 2516 ficut
799 2443 986 2510 animantia
1009 2445 1144 2510 subiret.
1198 2449 1314 2532 Quum
1336 2471 1418 2514 vero

203 2589 206 2599 ,
296 2525 335 2594 in
358 2528 526 2628 dignitate
546 2527 603 2592 illa
624 2529 661 2593 in
684 2549 750 2615 qua
773 2529 864 2594 edita
886 2528 947 2602 eli,
970 2529 1181 2613 perseverare
1201 2531 1336 2606 noluit,
1360 2525 1417 2598 l'ed

297 2610 497 2699 ignobiliter
517 2611 607 2676 inter
627 2625 758 2675 caetera
772 2608 929 2674 animalia
945 2609 1164 2698 multiplicari
1182 2613 1301 2702 elegit:
1325 2615 1416 2680 idern

296 2693 369 2783 ipie
398 2695 558 2760 conditor
572 2692 743 2780 ,quicquid
765 2693 916 2758 facturus
942 2696 1021 2759 effet
1042 2699 1146 2762 horno
1167 2697 1323 2785 perverso
1346 2721 1417 2764 mo-

295 2791 336 2843 tu
370 2777 497 2844 liberae
522 2775 709 2843 voluntatis
744 2775 918 2864 perditus,
975 2778 1136 2854 raesidit.
1176 2795 1211 2845 et
1243 2783 1417 2867 duplicem

295 2861 411 2928 lcitum
468 2883 503 2926 er
523 2883 624 2949 quem
645 2875 889 2949 propagaretur
907 2802 1083 2927 bodiarum
1106 2863 1224 2940 instar,
1260 2865 1416 2952 superad-

229 2953 234 2964 '
295 2945 394 3013 didit.
439 2885 534 3032 guid
567 2966 647 3034 ergo
675 2965 831 3044 removes
858 2942 896 3042 in
917 2945 1093 3010 mulierem
1111 2946 1415 3046 praevaricationis

294 3029 767 3200 littl‘tl‘tlit'ssalss'l
785 3029 1415 3188 tzilllleltff'lsslzssababli?

293 3196 339 3262 ris
361 3137 458 3262 canii
478 3195 698 3284 praecellerit
731 3195 834 3278 Quod
856 3193 957 3259 etiam
980 3195 1097 3260 divina
1118 3196 1414 3376 ironiaffaptiffime

1260 3309 1278 3346 θ

294 3281 458 3355 declarat,
481 3295 568 3364 quae
590 3277 692 3343 dicits
727 3281 806 3342 Non
827 3301 845 3338 s
897 3279 1013 3342 bonum
1033 3283 1231 3346 hominesne
1292 3277 1412 3376 solum,

171 3435 174 3446 ,
281 3357 459 3454 sociamus
481 3365 513 3425 ei
532 3361 735 3451 adjutorium
746 3358 870 3448 fim'e.
913 3366 961 3428 Ac
982 3365 1004 3426 fi
1026 3381 1140 3450 aperte
1160 3366 1310 3442 diceret,
1339 3390 1412 3433 non

290 3447 430 3512 'videtur
460 3443 594 3510 bomini
624 3467 725 3530 quem
747 3447 789 3510 ad
810 3442 875 3509 ima
901 3446 993 3511 inem
1017 3463 1052 3512 et
1072 3448 1326 3514 similitudinem
1348 3473 1412 3516 no·

263 3573 267 3584 ·
292 3531 388 3596 lirum
418 3527 580 3604 fecimus,
613 3531 742 3593 bonum
766 3529 828 3593 elle
850 3467 974 3604 scium,
1007 3534 1073 3597 boc
1095 3533 1139 3596 est
1160 3533 1342 3618 (implicem
1364 3551 1412 3598 at·

290 3611 1410 3794 litttiil‘lrffllfil‘lz‘glltllillllfiltfottll'zl.

289 3801 445 3856 manere;
469 3779 526 3845 led
546 3801 693 3866 pronum
715 3781 969 3868 proclivemque
991 3785 1033 3847 ad
1056 3799 1206 3848 terrenos
1224 3783 1336 3850 coitus
1353 3807 1409 3870 pa·
1465 3805 1466 3856 l

217 3879 218 3884 ’
288 3863 371 3930 aiter
405 3885 484 3930 cum
519 3863 630 3928 bestiis
651 3885 769 3939 ruere,
802 3885 840 3928 uc
862 3865 886 3928 li
906 3865 1074 3930 unitatem
1095 3883 1236 3932 naturae
1256 3889 1319 3955 per
1338 3889 1408 3932 car·

288 3950 402 4014 nalem
432 3947 686 4036 generationem
714 3949 876 4034 ferusque
898 3963 1077 4036 corporeos
1099 3949 1304 4015 feminaliter
1324 3953 1409 4016 mul·
1465 4003 1466 4038 p

289 4029 462 4120 tiplicare,
486 4031 679 4098 coelestium
701 4052 922 4098 numerorum
943 4030 1239 4132 multiplicationis
1263 4033 1408 4122 dignita·

289 4131 324 4181 te
344 4129 536 4182 contemta:
559 4115 722 4184 iaciamus
745 4135 824 4201 ergo
848 4113 881 4180 ei
905 4109 1115 4198 adjutorium'
1130 4117 1253 4193 fimile,
1282 4139 1350 4206 quo
1371 4116 1408 4184 id

287 4203 381 4288 qnod
408 4198 558 4288 oppetit,
579 4201 739 4288 peragere
759 4195 876 4287 pellit,
914 4197 1098 4268 foeminam
1118 4199 1296 4278 videlicet,
1319 4223 1405 4290 quae
