2970 4826
521 196 627 312 teter·
647 242 809 330 Quium
1137 243 1217 314 427
1282 211 1287 222 ¹

104 449 197 495 novo
227 377 485 504 inveteraluni„
508 429 550 500 de
570 425 827 503 laetonitten,
859 428 900 492 de
923 427 1011 492 selvo
1033 427 1222 514 perditum,

105 517 160 580 tle·
170 510 329 599 prudenti
350 509 422 580 filio
441 510 642 602 prodigum,
666 511 892 598 eu‘virtutum
914 533 970 598 gre
996 533 1014 576 e
1039 523 1215 588 errantem,
1246 518 1249 526 '

105 596 206 682 eique
235 597 401 660 condoleo
410 617 422 672 ;
454 615 525 660 non
550 592 705 658 enim‘ad
723 595 793 658 hec
813 593 961 659 sactuee
989 641 997 660 .
1040 585 1214 694 Siquidem

106 682 149 744 ed
169 677 397 766 possessiouem
418 695 573 744 aeternae
593 676 745 742 vitaeac
759 673 980 766 bettitpdiriie
997 681 1156 743 conditus
1166 680 1217 756 ⁴est
1353 752 1355 760 ,

36 839 39 846 ,
103 763 183 838 ille,
207 783 306 849 quem
325 783 406 838 rut,
433 783 454 828 o
474 760 583 828 ricini
607 763 678 840 eiua
700 776 735 824 et
748 760 867 838 amici,
891 760 927 826 in
943 761 1117 848 regionem
1130 780 1216 828 mor·

105 845 151 910 tia
180 862 215 910 et
247 843 399 910 miseriae
419 845 542 911 viderie
563 864 658 909 nunc
680 846 721 908 de
741 845 893 931 paradiso
917 847 1217 932 expulsum,··coe·

104 929 197 994 lellea
217 928 377 994 videlicet
399 929 536 994 ordiner
556 930 748 1014 alloquens,
779 923 839 1014 qui
862 929 1079 994 adhaerentes
1102 929 1218 993 c'ondi·

103 1012 171 1076 tori
203 1013 261 1076 suc
298 1012 334 1076 in
356 1011 567 1078 beatitudine
588 1025 750 1109 perpetua
770 1013 1042 1098 permenserunt,
1073 1019 1218 1098 quorum
1274 1015 1283 1032 '

104 1111 219 1161 umen
250 1117 411 1160 numerus
439 1095 476 1160 in
505 1094 698 1182 perditione
721 1094 869 1160 hominia
892 1099 1043 1162 ademtua
1066 1096 1121 1162 elli
1158 1095 1216 1159 vi-

103 1181 210 1257 detne
231 1175 535 1266 quantadivinum
558 1181 678 1264 pathos
700 1179 889 1256 contineat,
914 1183 994 1244 dum
1014 1180 1056 1244 stc
1073 1167 1218 1244 brevilli·
1309 1196 1312 1207 ’

102 1284 198 1326 mum
223 1283 263 1325 ex
285 1282 356 1326 uno
378 1262 554 1349 temporali
577 1259 751 1336 adverbio,
783 1265 876 1348 quod
897 1263 941 1326 est
961 1277 1063 1338 nunc,
1094 1259 1135 1328 et'
1149 1279 1217 1326 una

104 1344 227 1410 causali
256 1345 518 1423 conjunctione,
556 1365 641 1432 quae
670 1343 714 1408 esl
742 1346 835 1428 er'go,
868 1361 1107 1432 comparatum.
1152 1349 1218 1410 Sed

106 1427 215 1491 veluti
241 1428 312 1514 poll
332 1427 481 1494 hominia
503 1429 677 1515 planctum
700 1431 815 1494 eedem
839 1427 953 1492 divin
975 1429 1153 1494 clementie
1176 1431 1219 1493 ad

106 1511 245 1596 seipsam
275 1512 497 1599 coelestesque
518 1511 660 1575 virtutae
681 1513 902 1576 consulendae
923 1513 1101 1588 conversa,
1131 1512 1217 1593 redi·

105 1610 179 1658 tunt
206 1593 354 1658 hominio
384 1595 420 1659 in
456 1593 647 1680 paradisum
668 1593 727 1660 sub
749 1598 894 1682 quadam
917 1593 1104 1660 dubitative
1125 1598 1217 1661 locu-

106 1677 210 1742 tionis
239 1677 345 1742 forme
377 1676 701 1764 interrogativaque.
719 1678 900 1764 promittit.
923 1697 928 1712 ¹
955 1679 1012 1743 Ait
1040 1679 1149 1753 enim,
1165 1703 1219 1754 ¹ne
1305 1708 1308 1716 ·

95 1756 197 1850 farte
225 1783 351 1826 mnam
371 1755 474 1845 Juam
499 1763 632 1833 mittat,
669 1763 836 1850 et¹Jumat
865 1763 909 1826 de
936 1763 1028 1846 lsgno
1060 1767 1154 1844 pirae
1185 1775 1219 1826 et

105 1846 276 1916 conedae,
307 1855 341 1908 et
359 1848 470 1908 vivat
491 1847 525 1906 in
546 1858 722 1907 aetrnum·
765 1847 941 1930 Tanquam
965 1846 1110 1922 diceret,
1143 1867 1215 1916 non

106 1930 190 1992 adeo
213 1931 256 1992 de
275 1925 419 1990 interitu
438 1925 587 1992 hominia
611 1927 795 1993 dolendum
815 1929 975 2015 lapsuque
992 1929 1094 2016 ipfiua
1108 1933 1149 1998 tle
1162 1951 1219 2016 pa·

105 2011 226 2076 cadilo.
244 2011 451 2096 lugendum,
484 2029 556 2074 non
587 2007 679 2072 enim
700 2009 773 2094 spea
793 2011 959 2076 redeundi
981 2015 1021 2077 ab
1043 2013 1110 2078 illo¹
1124 2011 1218 2098 peni·

106 2109 161 2158 tua
188 2095 296 2158 ablata
328 2091 390 2167 est,
425 2091 512 2156 sorte
539 2112 584 2156 ne
616 2089 730 2176 mittat
760 2113 897 2156 manum
928 2095 1040 2168 suam,
1074 2099 1141 2160 hoc
1162 2095 1216 2170 est,

106 2179 185 2240 suae
215 2180 324 2242 bonae
353 2173 496 2239 tctlonie
528 2173 565 2238 in
598 2170 782 2238 virtutibus
804 2175 947 2240 studium
969 2181 1128 2244 extendat
1149 2198 1217 2264 quo

132 2259 204 2324 ellit
226 2263 267 2324 de
287 2257 454 2322 fructibus
475 2255 560 2344 ligni
582 2255 673 2319 vitae
694 2257 841 2333 sumere,
863 2262 930 2324 ltoc
952 2259 1014 2334 ess,
1035 2259 1101 2324 Dei
1123 2259 1219 2324 verbi

106 2285 335 2442 lpirituelibua
364 2339 480 2417 donis,
515 2357 553 2404 et
576 2341 731 2405 comedat
756 2361 865 2408 eactm
887 2363 991 2429 purae
1012 2345 1218 2430 contempla·
1333 2375 1335 2386 v

107 2427 231 2502 tinniet
251 2429 348 2506 cuiue
368 2423 495 2490 virtute
516 2423 610 2488 vivet
630 2423 666 2486 in
682 2439 873 2499 aeternum,
895 2447 1070 2512 nunquam
1087 2430 1218 2514 etl-ege·

107 2511 220 2576 statem
244 2508 479 2596 temporalium
501 2529 613 2574 rerum
635 2527 720 2594 quae
745 2507 887 2572 omnino
909 2529 985 2572 eum
999 2514 1130 2576 mundo
1144 2533 1219 2596 per-

107 2594 209 2658 ibunt
227 2593 437 2667 reversurus,
461 2607 552 2656 tutue
573 2589 610 2654 in
626 2589 812 2656 Dominum
829 2591 1040 2668 tranaiturue,
1061 2610 1096 2658 et
1110 2615 1219 2658 unum

107 2677 145 2740 in
166 2678 226 2740 lllo
247 2677 396 2740 staturus.
437 2677 482 2738 Et
502 2679 569 2739 hoc
591 2673 806 2762 sequentibus
828 2674 1010 2762 scripturae
1028 2675 1141 2740 verbit
1154 2677 1218 2740 cle‘·
1281 2717 1296 2754 „·

108 2783 144 2823 re
167 2763 264 2823 datur
284 2757 442 2844 intelligi.
486 2757 543 2820 tit
566 2757 675 2822 enimc
697 2761 870 2846 Eject'sque
891 2760 1070 2832 Adamum,
1102 2771 1137 2820 et
1156 2760 1221 2823 eol·

104 2845 235 2907 locavit
255 2851 333 2904 ante
352 2836 545 2930 paradisum
565 2842 757 2921 uudeptatts·
775 2842 950 2918 Cherubin,
979 2855 1014 2906 et
1029 2838 1220 2928 flammeum

108 2928 258 3010 gladium
286 2937 386 3008 atque
416 2921 604 3018 uersatilem
626 2925 672 2986 ad
692 2924 935 3072 cipludiendam
956 2931 1046 2990 viam
1067 2925 1153 3008 ligni
1169 2930 1220 2992 tti-

109 3026 177 3075 tae.
202 3010 286 3072 dion
308 3005 450 3072 arbitror
472 3026 504 3074 te
525 3005 692 3074 oblivioni
739 3009 837 3079 edille
859 3012 1030 3095 quomedo
1050 3007 1086 3072 in
1100 3025 1220 3096 quarto

109 3095 197 3160 libro
228 3093 418 3155 sanctorum
444 3095 583 3158 Parrum
613 3092 705 3156 utriu
746 3113 789 3155 ue
809 3091 946 3178 linguae
968 3091 1155 3178 peritorum
1178 3096 1221 3158 de

109 3176 262 3266 paradiso
285 3175 501 3241 tractantium
524 3175 706 3240 sententiae
743 3191 923 3262 equentet,
946 3179 988 3240 ad
1011 3197 1155 3262 purum,
1182 3191 1222 3240 ut
1241 3193 1245 3210 *

111 3259 223 3328 nobie·
242 3259 352 3327 visum
379 3259 442 3334 esl,
479 3257 678 3324 deduximus
706 3279 776 3324 non
810 3258 901 3324 eliud
935 3259 997 3324 csse
1018 3259 1218 3348 paradisum,

112 3351 155 3411 de
184 3365 252 3430 quo
281 3345 385 3407 homo
408 3345 563 3430 expulsat
586 3343 647 3415 est.
682 3359 813 3430 praeter
834 3341 937 3429 ipsam
959 3346 1141 3407 humanum
1162 3341 1247 3477 nti-p

114 3445 221 3492 turam
255 3429 297 3490 ad
317 3425 499 3512 imaginem
516 3424 587 3488 Dei
612 3443 774 3498 creatam,
810 3448 849 3490 ex
873 3430 968 3506 cuiue
991 3425 1149 3514 imaginia
1170 3424 1221 3488 vi·
1243 3481 1263 3528 Ι,

113 3511 235 3576 delicet
269 3509 437 3596 dignitate
456 3513 572 3574 eadem
594 3507 663 3596 ipse
685 3525 805 3576 natura
826 3508 981 3574 divinum
1002 3523 1236 3599 praeceptum.

112 3609 335 3658 contemnent
356 3593 631 3679 canitiemque
652 3615 713 3679 per
733 3591 1008 3670 hocconsicitur,
1031 3591 1116 3656 nihil
1129 3591 1221 3656 aliud

114 3677 175 3740 esse
195 3675 345 3742 hominia
365 3676 573 3742 emissionem
594 3677 648 3740 vel
671 3675 883 3758 ejectionem,
909 3676 968 3742 nifi
990 3675 1152 3740 naturalia
1173 3676 1221 3740 se·

113 3758 272 3836 licitatio,
304 3761 347 3824 ad
374 3783 475 3848 quam
494 3759 725 3847 possidendam
745 3760 853 3826 sactus
875 3758 937 3834 est,
975 3757 1219 3846 perditionem
1269 3755 1277 3768 '

113 3859 185 3908 uon
207 3841 299 3908 euim
320 3847 424 3911 homo
445 3843 600 3918 nutuiam
621 3845 713 3908 luam
733 3841 900 3932 perdidit,
923 3864 1026 3930 quae,
1073 3860 1154 3906 uum
1177 3841 1219 3904 ad

110 3924 303 4012 imaginem.
327 3927 398 3995 Dei
428 3945 462 3994 ct
488 3926 742 4016 similitudinem
763 3927 851 3992 facta
874 3925 937 4002 est,
967 3865 1148 3992 necelsaiio
1168 3923 1220 3987 in·

114 4006 343 4096 corruptibilia
365 4011 429 4078 elle
449 4009 600 4162 perdidit
621 4023 734 4078 autem
758 4009 976 4086 felicitatem,
1000 4033 1099 4097 quam
1121 4009 1221 4152 adep·

115 4110 214 4160 tama
245 4093 338 4171 esset,
372 4096 397 4162 si
429 4093 591 4162 oediene
618 4097 693 4160 Deo
714 4095 868 4162 essenon
890 4106 1132 4160 contemneret.
1156 4169 1164 4188 ι
1211 4135 1219 4152 .

112 4179 194 4246 Nou
224 4176 333 4244 solum
357 4199 428 4246 nan
459 4177 626 4248 oblivioni
645 4179 788 4258 tradidi,
817 4199 932 4244 verum
955 4175 1056 4243 etiam
1077 4175 1219 4240 sirmater
