2866 4822
456 185 562 258 litter
583 136 744 271 omine.
1066 191 1155 264 ist
1195 195 1198 202 ⁴

43 385 77 438 et
110 371 305 464 prophetice
325 371 460 440 dicensi
488 372 659 442 Mirabilis
670 367 778 464 faeta
799 367 847 464 est
855 370 1008 461 scientio
1027 385 1087 438 tim
1108 399 1151 442 ec

39 479 109 526 nie.
140 447 332 544 confortata
362 453 429 548 est,
466 469 501 522 et
519 479 584 524 non
601 471 718 538 potero
738 457 785 520 ad
805 479 887 521 eoin.
932 457 1150 550 Quemadmo-

42 541 121 604 aum
141 545 241 604 etiam
262 541 414 606 Dioimts
433 541 553 606 Paulus
572 541 684 606 Deum
703 535 890 634 cognoviffe
908 541 1051 616 dicitur.
1073 564 1148 626 cog·

37 645 171 688 noscens
197 623 287 688 illuni
308 618 417 714 super
456 647 583 702 ornnem
603 623 857 707 intelligentiam
878 637 913 690 et
933 627 1151 707 ioffiritionem

37 703 254 792 existentem:
286 722 426 790 propter
453 709 541 794 quoii
568 722 602 772 et
633 707 918 796 investigabilem
949 711 1062 774 evius
1082 711 1153 798 ejus

36 793 107 862 uit.
130 804 165 854 et
185 789 412 880 inscrutabilia
424 791 559 884 judicia
579 793 665 880 ejus,
688 807 722 858 et
744 797 874 858 inenarr
918 795 979 858 iles
996 793 1148 858 deiratio-

37 897 95 938 nes
118 875 209 965 ejus,
233 889 267 938 et
285 898 400 957 pacem
423 879 492 966 ejus
501 871 716 970 superantem
736 901 860 943 ornnem
881 871 1149 966 intellectumfic
1214 898 1216 906 ’

35 961 207 1024 iiveniens
237 981 309 1022 enin
326 953 435 1060 super
460 959 604 1034 omnia,‘
620 976 654 1026 et
681 963 742 1028 lioc
759 955 867 1054 super·
896 960 1149 1042 intelligentiam
1197 965 1201 984 ¹

35 1065 252 1126 cognoscens,
275 1065 355 1140 quia
366 1037 412 1138 su
437 1066 475 1110 ni
498 1047 607 1110 omnia
629 1035 706 1138 est,¹
737 1051 877 1110 omnium
908 1037 1049 1192 ‘widi‘
1078 1047 1148 1110 exi·
1262 1043 1275 1074 ⁸

27 1125 136 1218 steni.
170 1127 263 1190 Idem
285 1149 322 1190 in
346 1125 400 1214 epi
429 1129 480 1192 ola
497 1131 538 1193 ad
551 1127 673 1194 Gaium
687 1131 911 1194 Monachum:
935 1175 957 1207 ,.
993 1129 1146 1202 enebiae‚

34 1213 178 1296 inquit,.
196 1208 332 1295 quidem
363 1213 524 1276 obscurae
552 1212 631 1276 lunt
658 1211 695 1276 in
726 1211 872 1286 lumine,
909 1228 943 1278 et
971 1210 1077 1298 magii
1109 1207 1146 1272 in

29 1295 142 1360 multo
163 1289 304 1359 lumine.
348 1294 575 1381 Ignorantiam
598 1297 771 1360 occultant
792 1293 961 1370 scientiae.
985 1311 1019 1358 et
1039 1291 1145 1378 magii

32 1377 163 1442 multae
189 1373 361 1442 scientiae.
415 1379 508 1456 Haec
537 1377 629 1444 enini
657 1377 965 1465 supereminenter,
998 1379 1146 1440 sednon

32 1460 221 1526 fecundum
237 1459 465 1550 privationem
483 1460 669 1560 accipient,
694 1460 834 1526 enuntia
847 1461 944 1546 super
958 1479 1046 1532 vere,
1069 1457 1152 1544 quia·
1257 1483 1260 1493 ·

30 1545 133 1618 litet,
172 1541 274 1608 etiam
311 1541 369 1631 qui
398 1547 524 1608 habent
553 1543 890 1632 incomprehenfibile
920 1545 1053 1615 lumen.
1088 1562 1147 1606 ne-

30 1625 147 1692 sciunt
192 1623 251 1689 uid
272 1626 311 1690 fit
332 1631 424 1713 quod
445 1629 589 1702 habent,
613 1629 750 1692 testante
771 1627 998 1713 Evangeiistai
1026 1627 1071 1688 Et
1089 1623 1148 1686 lux

32 1709 70 1774 iii
94 1647 244 1774 tenelirie
265 1709 375 1784 lucet.
400 1726 434 1774 et
455 1711 613 1776 tenebrae
629 1734 701 1778 eam
719 1733 788 1776 uon
806 1709 1147 1796 comprehenderunt.

31 1795 184 1891 ideoque
215 1790 370 1856 divinum
392 1795 507 1860 lumen
530 1797 742 1860 tenebrarum
765 1795 950 1874 vocabulo.
985 1789 1147 1880 quonium

33 1875 377 1962 incomprehensibile
406 1875 467 1950 est.
510 1875 689 1942 vocitatur.
747 1876 909 1942 Similiter
937 1891 971 1940 et
1001 1871 1148 1960 gnostica

29 1959 141 2023 virtue
174 1958 478 2043 contemplantium
507 1957 611 2032 inno,
648 1958 808 2044 quoniam
840 1961 880 2022 ab
905 1980 945 2024 eo
964 1953 1147 2041 repercuti·

30 2057 105 2118 tur,
139 2041 353 2104 tenebrarum
382 2037 522 2104 nomine
550 2041 709 2126 frequent
738 2041 944 2126 appellatum
979 2037 1058 2124 quia
1090 2037 1147 2100 ha·

32 2127 156 2190 bentee
187 2123 302 2191 lumen
333 2137 367 2186 et
395 2145 506 2188 rerum
528 2121 702 2188 scientiam
722 2124 805 2188 litet
825 2123 1008 2188 fecundum
1032 2117 1147 2184 Domi·

30 2229 118 2274 num
147 2204 360 2291 ignorantiae
375 2221 425 2278 ,et
448 2205 670 2293 superpofitae
692 2205 792 2292 ipfiui
815 2221 827 2268 t
875 2207 971 2268 ebrae
993 2203 1147 2266 velantur
1171 2276 1177 2288 ι

29 2293 72 2356 ab
104 2287 201 2356 omni
229 2287 375 2362 lumine.
407 2305 441 2352 et
470 2291 685 2356 abscondunt
718 2311 854 2356 omnem
876 2282 1061 2354 scientiam.
1102 2285 1148 2350 Et

31 2373 133 2461 siquis
156 2371 277 2436 videno
300 2372 504 2444 nominum.
528 2372 694 2438 intellexit
713 2375 805 2460 quod
821 2369 925 2447 vidin
949 2393 1018 2438 nou
1035 2369 1144 2454 ipsum

30 2457 281 2542 contemplatui
304 2455 367 2532 est,
403 2458 458 2520 led
480 2457 562 2541 quid
585 2479 701 2521 eorum
723 2460 763 2520 ab
785 2456 856 2541 ipio
880 2452 1090 2518 exilientium
1113 2465 1147 2514 et

31 2538 273 2628 cognitorum
304 2538 374 2626 ipie
402 2555 514 2604 autem
542 2539 641 2626 super
671 2539 821 2606 animum
852 2552 887 2602 et
915 2537 1013 2623 super
1045 2533 1145 2598 elien·

32 2623 117 2686 tiam
141 2623 306 2688 collocato
381 2619 612 2686 universaliter
633 2644 703 2688 non
726 2620 944 2707 cognoscitur
965 2640 1075 2704 neque
1096 2615 1145 2680 vi·

34 2709 152 2780 detur,
183 2705 239 2788 led
261 2703 304 2766 eit
335 2703 636 2790 ¹upereileiitialiter
658 2721 692 2768 et
713 2705 811 2790 super
831 2704 982 2784 animum
1005 2721 1144 2785 cognoe·

31 2786 134 2852 citur.
177 2789 222 2852 Et
249 2785 320 2871 ipsa
352 2788 535 2850 secundum
569 2791 660 2872 quod
689 2787 810 2852 meliue
839 2785 882 2850 est
910 2781 1143 2871 perfectiffima

31 2863 248 2956 igbiorantia‚
284 2867 424 2932 scientia
458 2867 501 2931 est
523 2872 593 2947 ejue
614 2870 711 2954 super
733 2868 847 2934 omnia
870 2865 1038 2953 cognita.”
1079 2867 1143 2928 Ne·

31 2975 100 3038 que
123 2953 190 3016 boc
210 2951 417 3038 Evangelista
439 2949 675 3038 praetermisit.
703 2951 835 3016 dicens:
858 2953 1037 3015 Dominum
1052 2969 1144 3012 nenio

29 3038 124 3100 vidit
145 3057 295 3120 unquam.
338 3037 380 3100 Et
400 3051 440 3098 ut
460 3033 506 3098 ait
527 3035 735 3100 Ambrofiusi
769 3039 865 3100 Sicut
883 3048 1044 3117 nunqnam
1063 3029 1141 3119 vist-

31 3121 111 3186 bi'lr‘s
129 3109 230 3220 filil,⁸
257 3123 309 3182 ita
335 3141 493 3204 nimquam
514 3118 654 3204 ὐξρὂίἰίε
676 3124 749 3182 erit.
792 3121 835 3181 Et
857 3117 980 3204 quodi
1009 3115 1039 3179 sa
1060 3114 1145 3180 veri·

35 3221 85 3270 tae
109 3203 211 3272 dreit:
243 3207 350 3268 Nemo
371 3207 464 3266 novit
486 3207 614 3267 Putrem
636 3199 699 3294 nist
723 3203 843 3275 Filius,
863 3224 922 3276 nec¹
942 3139 1059 3264 Filium
1079 3195 1142 3286 nist
1207 3227 1213 3242 ·

32 3293 144 3354 Pater.
189 3289 255 3350 Sed
277 3303 389 3350 utrum
412 3285 476 3350 Dei
498 3287 591 3354 verbi
613 3285 825 3358 humanitas.
848 3285 931 3350 sicut
952 3299 986 3348 et
1007 3285 1078 3361 ejus
1094 3281 1142 3345 di·
1213 3295 1216 3302 '

34 3371 178 3446 vinitas,
210 3369 556 3468 incomprehensibilis
589 3373 632 3435 cst
652 3371 745 3436 omni
769 3385 959 3468 creaturae,
993 3387 1143 3464 omnem:

36 3457 279 3624 inmittit
302 3455 536 3636 iitttttir
556 3449 824 3622 otiien.
844 3449 1143 3619 tilieti!

38 3619 71 3682 la
100 3621 296 3686 coniufione
323 3638 499 3705 utriunque
527 3631 684 3696 naturae,
722 3616 857 3682 divinae
879 3615 1007 3682 [cilicet
1027 3630 1061 3679 et
1081 3617 1143 3678 hu·

38 3723 174 3780 minae,
203 3725 242 3768 ex
296 3703 395 3768 uibui
424 3725 513 3766 unue
543 3703 690 3768 Christus
723 3699 892 3766 Dominus
913 3699 1021 3764 noller
1042 3714 1075 3764 at
1098 3705 1142 3760 u‘c

38 3785 179 3852 salvator
199 3725 347 3852 coniare
368 3781 514 3852 creditur
536 3803 570 3850 et
590 3782 792 3871 intelligitur
812 3785 853 3863 ab
874 3781 927 3848 hie
950 3782 1008 3870 qui
1030 3721 1141 3846 utilio·

39 3869 145 3934 doxae
166 3867 247 3934 fidei
270 3869 452 3958 participet
473 3871 571 3944 iunii
594 3891 637 3934 aii
659 3867 747 3932 intra
768 3865 930 3934 terminos
950 3865 1140 3932 univeiliti·
1239 3935 1245 3951 x
1297 3917 1308 3938 l
1358 3911 1363 3925 .

40 3950 83 4015 tit
116 3952 274 4020 conditae
303 3951 496 4020 rationabili
525 3969 558 4018 et
580 3949 788 4038 intelligibili
808 3967 948 4016 naturae
969 3944 1141 4034 cognoeci·

36 4034 114 4102 bilin
136 4035 436 4114 circumscribitur,
457 4039 525 4104 boc
548 4035 602 4112 eti,
624 4033 714 4100 intra
733 4057 891 4100 numeroe
926 4033 1022 4096 uico
1047 4025 1142 4094 uoici

38 4121 173 4204 poliunt
201 4119 390 4206 detinetur3
419 4118 654 4208 unuiquieque
680 4133 782 4206 prout
806 4119 882 4186 vult
901 4055 992 4182 iunii
1028 4127 1143 4192 enten-
