2970 4826
284 242 413 364 'aas¹
610 283 683 357 ne
702 284 885 360 namne
903 249 1086 364 naam,

99 539 103 554 ‚
269 473 499 542 *ambulabat
549 469 666 538 cunas
696 469 824 560 quipe
854 471 898 536 eli
932 467 967 536 et
992 470 1156 536 scrutator
1176 465 1425 555 plantationis,

201 593 203 600 v
292 575 399 646 ,quam
420 559 462 624 ad
484 554 550 620 ima
577 555 666 621 'nem
690 571 724 622 et
769 551 998 620 militudinem
1017 554 1109 618 suam
1130 547 1324 640 plasmavit.
1350 553 1427 618 Cu·

296 647 351 724 jus
372 661 440 707 vox
460 573 718 726 inexpibmbilis
737 641 847 706 Adam
867 639 925 702 ubi
946 639 1005 704 es?
1026 639 1110 702 baec
1131 657 1196 700 vox
1219 635 1263 700 esi
1282 651 1426 701 creato·

297 725 343 792 ris
372 727 554 790 humanam
584 739 739 788 naturam
767 721 986 810 increpantis.
1038 717 1316 796 senatrices,
1359 719 1428 784 tabi

297 828 393 876 nnnc
413 828 449 872 ea
469 806 542 893 post
563 804 911 893 praevaricationem?
933 825 1005 870 non
1028 803 1120 868 enim
1140 801 1189 868 ibi
1213 817 1246 866 te
1265 803 1425 891 reperio,

297 891 359 958 ubi
390 905 424 955 te
456 904 606 956 creatum
635 902 928 975 cognoscot'non
959 888 995 964 in
1032 908 1075 952 ea
1093 885 1259 974 dignitate
1281 907 1352 973 qua
1382 889 1427 951 ad

297 975 480 1062 imaginem
510 988 544 1038 et
571 971 824 1052 similitudidem
853 993 961 1036 meam
984 987 1017 1036 te
1039 971 1124 1044 ieci,
1162 969 1324 1046 invenio;
1363 969 1426 1034 sed

299 1059 500 1128 desertorem
523 1057 743 1122 beatitudinis
765 1056 837 1122 veri
858 1053 997 1121 luminis
1018 1053 1240 1141 fugitantem,
1264 1069 1298 1117 et
1317 1053 1357 1117 in
1376 1056 1424 1117 la·

298 1139 401 1206 tebris
430 1142 538 1204 malae
557 1139 785 1206 conscientiae
804 1139 995 1208 latitantem
1015 1137 1176 1226 increpo,
1213 1131 1424 1224 causamque

297 1239 377 1289 tuae
406 1221 660 1291 inobedientiae
689 1223 836 1311 inquiro.
886 1225 1035 1288 Putasne
1066 1241 1120 1285 me
1153 1221 1310 1308 ignorare
1333 1220 1425 1307 quid

297 1306 421 1383 senisii,
442 1309 496 1371 vel
542 1329 586 1373 uo
608 1307 644 1371 su
672 1307 738 1384 lli,
763 1309 816 1371 vel
843 1309 1013 1394 quomodo
1029 1305 1152 1370 timens
1167 1323 1288 1370 vocem
1304 1327 1422 1370 meam

298 1407 333 1456 te
356 1389 517 1456 abscondi
547 1391 576 1465 ⁸,
606 1413 649 1455 ve
686 1393 969 1478 quemadmodum
991 1389 1181 1454 nuditatem
1206 1401 1318 1464 tuam,
1355 1391 1421 1453 fin·

297 1475 471 1542 ceritatem
495 1473 656 1540 videlicet
678 1491 712 1538 et
732 1473 976 1574 simplieitatem
998 1489 1155 1547 naturae,
1188 1470 1225 1535 in
1248 1493 1316 1559 qua
1338 1495 1423 1537 con·

299 1557 390 1623 ditus
413 1579 502 1634 eras,
528 1559 598 1638 sero
620 1553 868 1642 recognovrili‘i
896 1559 1021 1622 Nonne
1041 1559 1125 1621 haec
1147 1555 1266 1620 omnia
1282 1557 1421 1642 perpes·
1459 1605 1460 1612 ,

298 1641 353 1706 sus
375 1663 431 1715 es,
455 1640 534 1738 quia
556 1663 595 1704 ex
616 1639 710 1787 ligno
735 1644 777 1705 de
798 1659 866 1726 quo
887 1661 1122 1726 praeceperam
1144 1660 1189 1703 ne
1209 1642 1420 1718 comederes,

261 1747 265 1756 ·
298 1723 496 1790 comedislrl
527 1745 606 1788 nam
647 1745 659 1787 1
686 1745 757 1788 non
779 1723 1005 1802 comedisses,
1037 1745 1109 1788 non
1132 1719 1272 1788 sortasfis
1293 1745 1419 1788 vocem

298 1805 544 1871 deambulantis
566 1805 603 1870 in
625 1821 659 1870 te
680 1805 839 1872 creatoris
863 1805 914 1870 tui
940 1805 1093 1881 timeres,
1127 1828 1192 1872 nec
1215 1829 1234 1872 a
1259 1806 1347 1872 facie
1371 1807 1382 1870 i
1459 1813 1460 1886 ζ

104 1924 107 1932 v
176 1955 180 1964 ,
295 1890 362 1956 lius
392 1891 428 1952 iu
456 1911 542 1966 eres,
578 1909 643 1954 nec
673 1889 863 1955 nuditatem
894 1905 987 1954 tuam
1018 1911 1117 1977 quam
1149 1829 1421 1977 praevaricandb

295 1972 430 2064 perdidi
459 1971 485 2046 ',
509 1972 728 2060 cognovisses.
1333 1997 1338 2010 ·

361 2075 412 2124 aa.
436 2058 489 2118 De
509 2057 605 2142 lagno
628 2071 741 2122 autem
757 2053 945 2133 interdicto
968 2052 1060 2120 etin
1084 2053 1312 2142 superioribus
1330 2057 1417 2122 mni·
1459 2079 1460 2154 p

296 2155 331 2206 ta
349 2145 415 2222 iarn
440 2137 603 2215 diximus,
627 2139 828 2228 Gregorium
853 2139 1026 2204 Niffenum
1047 2139 1080 2202 se
1104 2153 1299 2212 uentos,'et
1320 2161 1417 2205 nune
1459 2155 1460 2218 ᾗ

294 2222 419 2288 iterum
452 2222 601 2287 breviter
630 2224 814 2289 dicendum
843 2221 1003 2296 arbitror,
1045 2243 1090 2286 no
1116 2221 1239 2286 iliffimi
1269 2223 1416 2312 magistri
1459 2219 1460 2274 l

294 2303 437 2372 Maximi
457 2305 618 2370 monachi
639 2307 770 2372 sensum
791 2303 1058 2372 introducentes.
1090 2305 1162 2393 lpse
1176 2305 1338 2393 liquidem
1355 2309 1416 2395 lig·
1459 2309 1460 2332 ¹

294 2381 379 2454 nr'snr
410 2387 571 2456 scientiae
598 2390 683 2454 boni
713 2407 750 2454 eo
775 2389 855 2452 mali
885 2388 1048 2452 visrbilem
1078 2406 1284 2464 ereaturam,
1314 2413 1414 2476 quam

294 2475 399 2536 horno
421 2485 605 2534 creatorem
627 2474 723 2536 suum
748 2472 920 2548 deserens,
952 2472 1085 2534 secutus
1108 2471 1167 2546 all,
1201 2473 1263 2536 eise
1289 2471 1415 2538 intelli·
1459 2479 1460 2508 ³

294 2553 366 2641 git,
401 2553 459 2618 cui
479 2551 639 2618 videlicet
660 2571 831 2619 creaturae
854 2553 975 2618 risibili
998 2568 1032 2616 et
1054 2549 1233 2620 delectatio
1256 2559 1412 2644 volupta·
1459 2555 1460 2576 ¹

294 2635 339 2702 tis
368 2633 470 2710 inest,
502 2651 536 2699 et
563 2635 741 2700 anxietatis
769 2635 913 2710 occasro,
952 2649 985 2699 et
1014 2636 1132 2701 mortis
1162 2640 1251 2724 qnasr
1274 2641 1413 2726 quidam
1459 2665 1460 2680 ¹

294 2719 422 2786 mixtus
451 2719 582 2786 fructus
615 2738 655 2784 ex
683 2722 775 2784 bono
797 2719 878 2784 falso
901 2717 1054 2783 libidinis
1079 2734 1112 2783 et
1132 2725 1221 2786 malo
1244 2725 1413 2810 sequentis

292 2801 455 2868 tristitiae.
511 2803 613 2866 Nulla
649 2800 741 2868 enim
772 2801 952 2868 delectatio
983 2801 1120 2867 visibilis
1153 2823 1323 2872 creaturae
1360 2807 1411 2884 est,

293 2905 394 2974 quam
426 2907 496 2964 non
525 2885 676 2972 sequitur
697 2888 832 2986 egestas.
874 2885 1060 2973 Egeststem
1083 2909 1163 2952 vero
1187 2891 1337 2976 sequitur
1360 2914 1413 2956 an·

291 2969 398 3036 xietas
419 2967 605 3056 mortisque
628 2969 768 3036 tristitia.
810 2973 856 3034 Et
876 2967 1029 3068 quamvis
1054 2969 1222 3038 uidente
1238 2975 1413 3062 voluptate

187 3079 195 3094 .
291 3054 395 3118 lateat
424 3051 573 3117 anxietas
606 3067 640 3116 et
670 3055 766 3123 causa
794 3069 932 3128 mortam
974 3053 1070 3116 fimul
1101 3067 1212 3120 tamen
1244 3061 1413 3123 humanae

291 3135 425 3202 animae
446 3135 580 3211 insunt,
616 3137 779 3222 simulque
800 3134 983 3222 incipiunt.
1028 3139 1126 3200 Latet
1148 3139 1239 3204 enim
1263 3141 1412 3206 anxietas

290 3219 351 3283 sub
383 3221 528 3307 quadam
556 3219 636 3282 salsa
664 3218 898 3306 pulcritudine
928 3219 1134 3306 voluptatis,
1173 3239 1208 3287 et
1239 3224 1282 3287 est
1303 3225 1411 3289 veluti

291 3301 428 3389 quidam
451 3301 577 3364 mixtus
601 3301 731 3367 fructus
757 3325 795 3367 ex
816 3298 960 3368 libidine
982 3320 1165 3388 apparente
1190 3321 1223 3370 et
1242 3307 1410 3374 anxietate

119 3449 122 3456 ,
208 3431 211 3436 ι
288 3386 428 3451 latente.
471 3381 663 3449 Deficiente
696 3408 777 3451 vero
799 3387 974 3474 voluptate
998 3403 1032 3449 et
1055 3389 1279 3455 delectatione
1301 3391 1410 3458 visibi-

288 3467 333 3532 lis
352 3449 549 3539 creaturaei
567 3471 659 3532 nuda
680 3491 741 3554 per
762 3469 795 3533 se
817 3485 918 3556 atque
940 3485 1053 3556 aperta
1075 3489 1226 3536 remanet
1249 3473 1408 3552 anxietas,

289 3569 376 3636 quae
398 3549 550 3615 nascitur
571 3569 612 3614 ex
634 3551 775 3638 egestate
800 3555 1002 3652 defectuque
1024 3555 1163 3622 visibilis
1185 3556 1279 3622 boni.
1318 3558 1408 3624 Hinc

287 3633 460 3782 praefatus
479 3631 647 3698 Maximus
688 3631 835 3732 ortaffis,
857 3637 988 3724 inquit,
1011 3639 1135 3721 iignum
1167 3637 1231 3736 effe
1242 3639 1409 3734 scsmttioa

309 3720 365 3783 oni
402 3731 436 3781 st
456 3719 538 3782 mals·
554 3715 713 3807 uistb‘em
736 3733 920 3784 creaturam
939 3727 996 3807 qni
1017 3725 1162 3798 dixerit,
1197 3747 1260 3790 non
1282 3747 1304 3788 a
1324 3733 1407 3791 veri·

288 3813 363 3865 tate
383 3801 562 3883 adamabit.
605 3804 796 3892 Voluptatis
818 3825 965 3892 namque
987 3823 1021 3870 et
1041 3807 1218 3873 anxietatis
1236 3809 1406 3875 factricem

286 3884 486 3966 naturaliter
517 3887 620 3952 habet
653 3887 1041 3986 perceptionem-,Aut
1075 3915 1179 3978 quum
1205 3907 1239 3956 et
1260 3892 1404 3958 rationes

286 3969 389 4033 habet
420 3968 609 4056 spirituales
637 3972 819 4036 vrfibilium
857 3989 1008 4038 creatura
1044 3989 1078 4038 et
1114 3975 1326 4043 intellectum
1346 3998 1405 4041 nu·

286 4050 445 4120 trienteat
469 4067 503 4117 et
523 4053 646 4122 iterum
669 4059 855 4121 naturalem
876 4055 1066 4142 potentiam
1088 4059 1220 4124 sensum
1242 4061 1404 4126 delectan-

286 4151 372 4212 tem,
396 4133 608 4204 inteliectum
629 4161 710 4206 vero
734 4139 1002 4216 subvertentem,
1026 4139 1160 4228 lignum
1175 4143 1336 4218 scientiae
1349 4147 1405 4210 bo
1459 4185 1460 4252 l

284 4217 324 4290 ni
352 4235 387 4286 et
413 4220 510 4292 mali‘
529 4223 695 4313 appellata
717 4221 781 4302 en;
817 4223 900 4289 boni
923 4223 1085 4313 squidem
1106 4227 1211 4292 habet
1230 4226 1402 4296 scientiam
1459 4255 1460 4312 t

249 4339 256 4356 ι
1126 4353 1128 4358 ,
1459 4331 1460 4368 l
