3048 4856
199 156 336 256 :2¹⁶
459 271 468 289 „
594 93 1047 242 reremaneret.

258 343 464 425 tumuerit,
486 343 545 414 led
565 341 645 412 ideo
665 342 703 414 in
728 363 769 415 eo
791 364 895 434 opera
914 344 973 412 tue
993 339 1169 422 condidit,
1190 356 1232 412 ut
1278 340 1388 410 errae.

262 431 359 505 tione
386 427 522 496 numeri
552 448 695 532 opernm
722 430 859 496 luorum
914 427 1142 496 mentonem·
1155 426 1240 516 ligni
1286 442 1387 494 arett

260 516 331 582 hoe
355 511 463 600 igitur
493 533 681 582 mammam
700 533 739 582 ec
761 511 870 580 divin’
945 533 1005 577 um
1027 513 1216 601 exemplar,
1250 505 1386 598 inquo

261 597 346 668 fecit
373 601 471 662 Deua
496 616 599 686 opera
620 595 695 674 lue,
726 595 887 684 nunquid
907 594 1088 676 credibile,
1124 605 1184 660 eut
1203 594 1388 664 verilimile

262 681 309 752 est
334 680 566 768 temporaliter
592 679 779 757 inchoaffe‚
813 683 896 746 dum
915 679 954 744 in
976 700 1039 756 eo,
1071 699 1144 746 non
1164 679 1273 744 folum
1294 699 1386 766 qnae

260 765 300 832 iu
322 763 532 851 temporibus
554 762 651 840 lunt,
674 785 794 830 verum
815 779 850 828 et
870 762 941 851 ipla
962 777 1133 849 tempora,
1167 777 1203 826 et
1223 783 1310 848 quae
1329 762 1386 826 ul·

260 863 314 915 tra
333 863 487 938 tempora
507 841 693 934 lubfillunt,
716 850 757 913 ab
774 847 901 946 opifice
915 845 1070 912 omnium
1084 843 1264 912 constituta
1277 843 1384 910 lunt?

258 932 411 1006 Proinde
450 930 583 1020 sapient
598 933 655 997 -de
677 946 879 998 aeternitate
898 951 1118 998 numerorum
1138 927 1241 994 loliue
1262 926 1388 996 tenant

260 1015 397 1083 numeri
418 1030 618 1104 argumento
639 1030 764 1101 utent3
785 1031 866 1080 nam
887 1017 981 1104 quod
1003 1015 1046 1080 de
1067 1011 1266 1078 aeternitate
1286 1011 1383 1078 illiue

260 1099 484 1188 intelligitur,
507 1102 550 1164 de
572 1097 714 1164 aliorum
734 1097 950 1187 perennitate
967 1097 1230 1184 intelligendum
1246 1093 1301 1160 eil.
1333 1093 1388 1159 si·

261 1183 402 1284 quidem
423 1205 497 1248 non
521 1185 563 1249 de
585 1183 655 1249 lolo
677 1181 832 1264 senario,
855 1183 900 1247 de
918 1179 1135 1252 universitate
1154 1199 1235 1246 vero
1248 1197 1389 1266 genera·

260 1267 355 1336 ltter·
370 1265 526 1333 omnium
554 1287 776 1332 numerorum
806 1265 937 1332 dictum
965 1264 1010 1330 en
1034 1266 1146 1330 omnia
1164 1267 1201 1330 t'tr
1218 1257 1386 1356 mensura,

262 1363 299 1419 et
320 1373 471 1427 numero,
493 1363 529 1415 et
546 1343 801 1497 ponderebfecit
821 1352 930 1416 Deru.
971 1347 1060 1414 Atti
1080 1347 1173 1423 loct,
1199 1361 1388 1432 ettempo·

260 1455 316 1512 ra,
338 1433 430 1501 intra
451 1431 567 1500 omnia
588 1454 675 1522 quae
730 1455 789 1500 eur
811 1432 913 1508 fecit,
937 1445 1243 1498 connumeranturt
1272 1428 1387 1494 neces·

259 1517 348 1586 sario
366 1517 614 1584 intellectuales
631 1515 766 1582 numeri
787 1516 825 1581 in
847 1517 917 1581 [ola
939 1513 1079 1581 scientia
1100 1512 1284 1592 substituti,
1305 1514 1385 1578 loca

261 1616 298 1672 et
324 1617 478 1688 tempora
499 1615 641 1682 naturae
664 1601 743 1666 suae
761 1598 991 1687 perpetuitate
1036 1601 1239 1674 raecedunt,
1274 1611 1311 1660 et
1328 1594 1385 1660 in·

258 1697 313 1748 tra
332 1705 373 1750 ea
395 1705 482 1765 quae
502 1683 597 1742 semul
620 1695 655 1742 er
676 1699 828 1756 aeterna,
852 1697 887 1746 et
902 1681 991 1749 facta
1049 1697 1098 1756 nt,
1112 1695 1384 1767 -computanturr

261 1775 399 1828 aeterna
427 1758 566 1846 quidem
595 1757 675 1821 lunt
702 1757 741 1822 in
767 1763 934 1838 monade,
966 1763 1005 1828 in
1039 1761 1386 1850 multiplicationibua'

260 1863 344 1908 vero
364 1841 418 1906 lui
440 1844 541 1907 facta.
582 1841 632 1904 M.
655 1845 709 1906 De
728 1841 929 1909 aeternitate
948 1867 1170 1911 numerorum
1184 1845 1223 1911 in
1235 1847 1399 1914 monade·

261 1926 349 1992 latie-
363 1924 409 1989 est
430 1924 660 2010 disputatum
694 1927 869 2011 quomodo
890 1938 1004 1990 autem
1026 1927 1172 2004 finiunt,
1194 1943 1230 1994 et
1249 1927 1327 2005 ubi,
1348 1943 1387 1994 et

261 2011 375 2086 unde,
403 2009 504 2074 valde
532 2006 752 2072 necellarium
772 2007 817 2073 est
836 2006 1056 2096 intelligare;
1086 2011 1217 2076 Eorum
1237 2018 1386 2100 namque

262 2106 465 2182 argumento
496 2110 661 2157 conamur
683 2091 819 2157 efferare
839 2090 955 2156 omnia
977 2101 1063 2179 quac
1082 2096 1159 2160 Deo
1179 2093 1260 2160 lunt
1279 2111 1386 2160 aeter·

259 2199 330 2253 na,
363 2175 460 2242 fimul
488 2189 524 2240 et
544 2173 633 2240 facta
654 2172 729 2240 effe.
773 2179 816 2240 D.
838 2173 1082 2241 Aeternitatem
1102 2177 1278 2256 monadia,
1312 2199 1385 2244 om·

146 2303 152 2332 ,
258 2257 428 2346 niumque
448 2277 669 2323 numerorum
689 2256 727 2322 in
744 2278 802 2335 ea,
825 2273 992 2344 quantum
1006 2261 1104 2326 valeo
1121 2261 1278 2350 exposui:
1299 2282 1385 2349 quo·

259 2345 365 2411 modo
394 2355 509 2406 autem
535 2339 784 2406 intellectuales
803 2339 961 2418 numeri,
995 2341 1181 2410 seeundum
1203 2365 1289 2433 quot
1310 2366 1382 2412 om·

258 2425 320 2494 nia
342 2445 429 2516 quae
449 2423 620 2488 numerari
639 2425 793 2511 poliunt,
812 2440 1053 2505 numerantur,
1076 2428 1185 2506 fiunt;
1208 2443 1244 2494 et
1252 2427 1324 2505 ubi,
1347 2443 1385 2496 et

259 2511 373 2585 unde,
403 2521 503 2572 tuum
524 2507 569 2574 cll
590 2509 780 2598 explanare.
822 2509 900 2572 Hoc
920 2523 1034 2575 autem
1056 2509 1155 2589 dico,
1185 2510 1312 2587 scient,
1334 2511 1384 2576 fa·

259 2591 361 2676 cilina
390 2611 509 2656 eorum
538 2589 798 2668 aeternitatem,
844 2612 945 2679 quam
972 2593 1155 2671 iacturam,
1192 2611 1229 2660 et
1264 2593 1383 2682 quaeri

286 2677 372 2754 olle,
404 2689 441 2738 et
461 2672 630 2751 inveniri,
663 2691 699 2739 et
718 2675 861 2740 inadmi.
903 2676 952 2739 Μ.
981 2680 1110 2744 Deme
1130 2681 1237 2756 bene,
1268 2693 1311 2742 ut
1330 2678 1382 2744 vi·

258 2699 345 2836 geo,
376 2756 545 2836 aestimas,
579 2760 718 2845 quando
738 2758 825 2824 mihi
846 2757 1036 2826 difficiliora
1056 2765 1265 2849 quaerenda,
1286 2759 1383 2828 inve·

257 2841 406 2918 nienda,
428 2841 599 2908 suadenda
621 2841 818 2908 committit.
846 2845 1074 2909 Veruntamen
1094 2867 1210 2912 meum
1223 2845 1267 2911 est
1280 2866 1381 2932 quae·

257 2947 350 3007 rere,
373 2924 532 2990 iuvenire
554 2946 636 2992 vero
659 2925 750 2991 illiue
772 2925 875 2991 soliue
897 2925 958 3004 est,
976 2931 1038 3014 put·
1057 2930 1222 2996 maminot
1241 2929 1377 2996 abscon·

202 3023 206 3034 ’
258 3011 338 3076 dito
351 3009 582 3076 tenebrarum
603 3009 742 3075 suadere
765 3031 901 3156 quopue
924 3015 1075 3092 ejue'dem
1097 3014 1166 3090 est,
1190 3012 1250 3102 qui
1270 3012 1378 3101 potest

258 3095 350 3161 lolue
370 3093 500 3181 aperire
521 3094 670 3171 lenium,
694 3109 729 3160 et
741 3093 833 3158 'intel
849 3108 972 3158 ectum.
1016 3095 1111 3182 Quid
1132 3097 1225 3162 enim
1246 3096 1379 3182 prodest

259 3176 407 3244 exterior
427 3176 551 3252 suano,
586 3176 703 3244 finon
725 3177 807 3244 adlit
826 3175 969 3244 interior
990 3178 1225 3248 illuminatio?
1258 3183 1379 3268 ltaque

257 3265 353 3350 quod
373 3261 476 3350 paulo
499 3273 578 3324 ante
601 3281 620 3324 a
640 3275 675 3326 te
698 3259 827 3327 dictum
849 3259 911 3338 est,
934 3277 1069 3329 aeterna
1090 3265 1229 3354 quidem
1250 3261 1288 3330 in
1304 3285 1379 3332 mo·

256 3348 366 3421 nade,
396 3343 434 3408 in
458 3342 804 3430 multiplicationibus
824 3364 904 3426 vero
925 3345 993 3413 luia
1018 3347 1121 3422 facta.
1154 3352 1256 3428 huius
1277 3369 1378 3436 quae·

257 3427 375 3493 stionie
394 3427 624 3516 praelibamen
646 3429 709 3492 elle
730 3428 882 3499 arbitror.
924 3431 969 3494 Et
989 3431 1013 3496 li
1036 3431 1252 3510 intellexisti,
1282 3433 1377 3519 quod

257 3509 387 3660 discipli,
422 3506 748 3660 {rpperiluequaerid
763 3515 855 3600 quod
875 3511 1057 3605 intelligia,
1078 3517 1127 3582 fin
1145 3537 1255 3594 vero,
1276 3536 1377 3604 quae·

211 3619 219 3630 ·
256 3614 318 3661 ren
344 3617 403 3660 um
470 3641 479 3659 .
935 3647 938 3652 .

320 3697 370 3742 rt.
391 3681 437 3745 D.
460 3676 614 3746 Omnino
634 3679 736 3746 video
758 3700 918 3748 numeme
939 3701 1011 3750 uon
1031 3681 1096 3750 nii
1114 3681 1154 3748 in
1171 3673 1380 3772 multiplica·

255 3757 411 3828 tionibus
438 3760 507 3829 luia
535 3763 629 3851 polle
657 3763 751 3840 fieri,
782 3787 862 3831 nam
890 3764 929 3832 in
958 3769 1105 3836 monade
1124 3783 1262 3835 aeterna
1282 3768 1374 3834 lunt.

255 3845 442 3945 Quomodo
463 3861 594 3925 autem,
626 3851 680 3912 vel
700 3851 829 3932 unde„
844 3849 900 3915 vel
919 3851 997 3928 ubi,
1029 3852 1135 3928 finnt,
1168 3855 1282 3919 adhuc
1300 3871 1374 3918 non

254 3931 377 4007 vrdeo;
410 3927 557 4018 ideoque
588 3933 712 3998 horum
740 3931 976 4030 cognitionem
1005 3950 1039 4000 te
1068 3936 1199 4023 aperire
1232 3935 1375 4024 postulo.

255 4013 308 4079 M.
339 4016 469 4080 Omuee
490 4037 650 4083 numeror
671 4018 864 4093 causaliter,
882 4021 967 4096 ,hoc
988 4020 1049 4096 est,
1085 4019 1123 4084 vi
1144 4035 1180 4088 et
1198 4019 1371 4119 potestate,

256 4095 294 4165 in
323 4101 470 4170 monade
502 4099 632 4191 lemper
661 4101 725 4168 elle
753 4121 826 4168 non
846 4101 1051 4203 dubitantur.
1093 4105 1141 4174 D.
1163 4105 1260 4186 Hauc
1278 4101 1375 4174 dulii-
1492 4191 1497 4210 δ

314 4533 317 4538 1
389 4485 395 4520 l
