3036 4862
434 331 440 356 .
523 283 630 356 Liber·
651 280 839 372 Quurttu.'
1045 337 1051 350 ·
1136 287 1220 362 389

103 468 253 536 hominio
264 481 359 559 porte
371 487 634 570 cognoscuntur,
652 469 886 570 corruptibilia
904 471 1217 564 luntiolutionlquo

104 553 268 634 obnoxio:
303 569 467 620 temortuo
496 577 577 620 vero
610 555 789 644 superioris
810 555 914 644 portio
936 556 995 642 qui
1016 557 1084 621 lolu
1105 559 1217 624 animo

103 636 247 702 omnino
269 637 418 714 obsolute
439 635 638 703 constitutur
660 639 720 711 eli,
745 637 1013 726 incorruptibilia
1036 657 1070 704 et
1090 639 1215 706 insolu-

102 715 180 785 bilit
202 735 235 785 et
256 735 411 784 ueternut
432 720 553 787 merito
572 769 581 798 .
606 725 685 787 dum
707 721 743 785 in
767 743 808 786 eo
830 720 941 810 imago
963 721 1098 788 divinoe
1120 738 1216 788 notu·

101 825 158 870 rae
186 801 329 889 exprell'a
359 802 412 869 eli.
456 807 604 892 Ideoque
637 805 832 878 aGruecio,
868 821 907 869 ut
929 804 966 870 in
988 805 1156 893 prioribus
1176 807 1215 873 li-

101 880 169 951 brit
193 885 388 958 docuimus.
412 878 526 966 uiola,
555 881 714 979 δύναμις,
739 906 773 954 et
796 884 941 980 ἐνέργεια
961 890 1130 976 praefatus
1151 905 1214 954 ter·

101 967 215 1032 natiue
238 971 406 1033 humanae
429 969 560 1036 animae
582 971 768 1048 vocitatur,
813 971 868 1048 ui,
891 971 970 1036 telle
990 975 1114 1040 Sancto
1131 973 1212 1038 Dio·

100 1051 212 1136 nyfio‚
235 1074 300 1116 nee
321 1051 405 1116 lolvi
426 1076 489 1118 nec
510 1056 680 1143 eorrumpi
694 1075 757 1120 nec
770 993 840 1120 ulio
854 1057 957 1120 modo
971 1055 1080 1144 perire
1093 1057 1210 1144 potell.

100 1135 281 1200 Confideru
309 1155 388 1221 ergo
423 1137 648 1204 extremitates
677 1142 844 1202 humanae
865 1155 1004 1204 naturae
1027 1139 1134 1204 veluti
1155 1159 1212 1204 eu·

22 1261 23 1266 κ
97 1217 244 1306 juepiam
275 1217 415 1304 porodili
446 1219 607 1286 terminon
640 1222 766 1286 surium
787 1221 899 1286 versuo
922 1237 955 1288 at
979 1243 1022 1286 ue
1044 1221 1208 1305 deorsum,

102 1317 194 1366 extra
215 1321 299 1398 quoe
321 1301 413 1364 nullu
435 1319 544 1368 creata
565 1303 768 1392 intelligitur
787 1319 917 1368 nutura.
957 1243 1136 1392 iiquidem
1160 1307 1210 1372 ul·

100 1399 330 1448 truttnnuum
360 1384 447 1458 lolut
475 1389 568 1452 Deuo
599 1388 660 1464 eli,
696 1387 784 1451 infru
815 1385 988 1454 materiem
1019 1409 1139 1475 corpus
1162 1389 1211 1454 di·

99 1489 141 1532 oo
171 1467 278 1532 solum
312 1465 399 1530 nihil
435 1469 493 1546 eil,
524 1491 594 1534 non
624 1470 710 1536 illud
738 1470 825 1536 nihil
853 1473 944 1560 quod
962 1493 1026 1570 per
1046 1473 1208 1535 excellen-

99 1549 183 1614 tium
220 1566 377 1626 naturae,
423 1551 479 1616 led
516 1552 601 1618 illud
638 1557 730 1640 quod
762 1577 824 1642 per
849 1553 1074 1652 privationem
1103 1554 1208 1620 totiut

100 1647 240 1698 naturae
262 1649 296 1698 et
318 1631 443 1698 dicitur
465 1649 499 1699 et
519 1636 697 1724 cogitatur.
746 1641 906 1720 lut-emet
927 1637 1060 1724 itaque,
1092 1637 1130 1700 ni
1150 1637 1209 1700 iul·

98 1717 171 1794 lor,
195 1715 345 1782 animum
367 1717 533 1783 summum
556 1735 695 1785 naturae
715 1723 883 1784 humente
902 1721 1017 1786 locum
1037 1720 1207 1784 obtineret

100 1819 222 1888 corpus
259 1819 339 1864 vero
375 1799 547 1866 materiale
581 1801 748 1868 infimum.
801 1808 936 1868 Intuere
967 1801 1068 1867 etium
1096 1803 1210 1868 medio

97 1879 247 1962 ejutde‘m
275 1897 434 1959 nuturue3
468 1899 502 1948 et
528 1884 683 1951 inveniet
704 1886 791 1950 infru
813 1885 964 1952 animum
986 1884 1138 1973 luperiuo
1159 1907 1208 1950 re·

97 1963 228 2032 tionem
249 1966 346 2052 supro
368 1987 509 2052 corpus:
530 1967 672 2033 inferiuo
694 1969 832 2033 vitalem
853 1983 1007 2044 motum,
1029 1985 1063 2031 et
1083 1967 1207 2034 iterum

98 2047 136 2113 in
156 2048 169 2113 i
196 2049 228 2114 lo
246 2047 428 2114 medietate
450 2065 606 2126 naturae,
627 2051 735 2116 veluti
755 2051 791 2114 in
807 2051 922 2116 medio
937 2050 1097 2138 pradili,
1121 2054 1207 2116 duoo

96 2131 154 2196 len
171 2153 234 2206 uo,
272 2129 470 2196 exteriorem
497 2133 658 2199 videlieet
684 2132 779 2198 vituli
800 2134 910 2198 motui
931 2131 1131 2230 corporique
1152 2135 1208 2199 ud·

96 2217 309 2300 hoerentem,
340 2227 374 2277 et
410 2212 604 2282 interiorem
633 2212 759 2280 rationi
781 2216 962 2304 animoque
982 2213 1209 2302 inseparabili·

96 2311 149 2362 ter
178 2313 213 2362 et
249 2294 571 2365 consubstantialiter
592 2304 823 2380 conjunctum.
864 2303 903 2364 ln
925 2297 977 2362 hit
999 2297 1105 2386 igitur
1126 2301 1208 2364 duo·

97 2381 161 2446 but
190 2375 358 2454 fetifibuo,
393 2379 503 2445 veluti
529 2383 566 2448 in
595 2381 795 2470 quibusdam
829 2385 960 2448 duobut
981 2380 1064 2446 locie
1084 2379 1207 2447 mediie

95 2467 264 2530 humanae
286 2477 426 2527 nuturue
447 2467 586 2564 peradisi
608 2471 676 2532 duo
697 2467 753 2530 illu
767 2464 994 2554 intelligibilia
1009 2465 1113 2551 ligno,
1136 2466 1205 2532 πᾶν

94 2546 257 2611 videlicet
277 2561 311 2610 et
331 2567 503 2634 γνωστον,
525 2549 781 2636 intelliguntur:
812 2553 880 2615 nilo
902 2547 1038 2634 quidem
1059 2547 1096 2612 in
1119 2545 1206 2613 inte·

94 2629 178 2696 riori
199 2629 311 2704 sensu,
333 2627 484 2715 γνωστὸν
505 2655 585 2696 vero
607 2631 644 2696 in
668 2631 841 2696 exteriore.
877 2634 915 2695 ln
937 2630 1090 2694 interiori
1112 2629 1206 2698 enim

95 2711 236 2778 homine
257 2711 386 2776 habitet
406 2711 529 2776 veritae
551 2729 585 2776 et
607 2717 875 2788 omnebonum,
899 2717 990 2799 quoti
1006 2714 1049 2776 eil
1062 2716 1204 2780 verbum

95 2795 164 2858 Dei
195 2793 284 2858 fitius
306 2793 371 2856 Dei
394 2795 591 2880 unigenitus
615 2797 781 2864 Dominut
804 2796 910 2860 noller
929 2796 1020 2859 lesus
1043 2795 1202 2871 chrissus,

96 2892 188 2942 extra
217 2896 317 2961 quem
347 2879 479 2940 nullum
502 2881 631 2940 bonum
653 2879 715 2953 eil,
746 2899 849 2962 quum
871 2877 941 2964 iple
964 2877 1007 2940 est
1028 2897 1129 2942 omne
1148 2899 1205 2942 ve·

82 2981 173 3030 ‚rum
204 2973 238 3022 et
269 2957 478 3023 substantiale
510 2963 637 3024 bouum
660 2975 694 3023 et
716 2960 860 3025 b'onitot.
905 2959 971 3023 coi
994 2961 1204 3026 econtrario

96 3065 137 3110 ex
165 3040 294 3106 diverso
321 3057 416 3126 purte
442 3044 568 3106 mulum
596 3059 629 3106 et
655 3041 783 3106 malitia
812 3065 857 3188 og
884 3041 1009 3106 onitur.
1050 3044 1096 3105 Et
1124 3041 1204 3130 quio

95 3147 199 3194 omne
229 3126 353 3188 malum
386 3146 449 3190 neo
472 3125 508 3190 iu
529 3141 648 3190 natura
666 3147 777 3190 rerum
800 3126 835 3188 lu
904 3123 1053 3188 ntiuliter
1072 3125 1204 3190 inveni·

96 3227 171 3284 tort
200 3227 312 3294 neque
342 3228 381 3270 ex
413 3224 501 3272 certo
532 3209 628 3272 ceule
658 3226 692 3272 et
720 3207 865 3272 naturali
885 3206 1055 3294 procedit:
1088 3231 1149 3294 per
1169 3209 1204 3274 ie
1237 3211 1239 3218 ’

96 3293 188 3360 enim
216 3290 459 3356 confideratum
492 3291 631 3356 omniuo
663 3289 749 3355 nihil
780 3291 822 3354 eli
842 3305 973 3378 praeter
992 3289 1204 3356 irrationabi-

96 3381 162 3442 lem
194 3382 232 3440 ‘et
266 3374 457 3460 perversum
496 3373 798 3461 imperfectumque
825 3371 1034 3438 rationabilis
1062 3391 1204 3439 naturae
1311 3419 1315 3430 .

96 3475 244 3532 motumt
267 3459 394 3521 nullam
417 3458 515 3522 olium
537 3458 572 3521 in
593 3457 748 3521 univorlu
770 3473 920 3522 creatura
937 3455 1048 3520 [edem
1065 3479 1100 3520 re
1126 3457 1200 3534 erit.

96 3541 159 3606 nili
180 3542 238 3604 ubi
261 3540 379 3606 fellitos
401 3539 561 3628 poffidett
590 3541 724 3626 propria
747 3555 858 3604 autem
881 3537 1028 3602 salutaris
1051 3481 1201 3626 potieffio

97 3625 142 3689 eli
163 3625 272 3687 lenius
293 3644 490 3710 corporeus:
513 3625 604 3688 nullo
625 3625 717 3687 enirn
739 3623 802 3686 aliu
823 3645 897 3710 pore
919 3625 1085 3686 humanae
1104 3639 1201 3688 natu·

95 3725 154 3772 rue
182 3705 327 3772 lullitttie
357 3730 502 3773 errorem
531 3705 653 3793 recipit
678 3721 812 3792 praeter
838 3705 968 3774 lenium
989 3705 1199 3772 exteriorem.

96 3788 270 3876 Siquidem
289 3811 350 3876 pet·
370 3791 481 3890 lsssum
503 3805 537 3855 et
556 3789 698 3854 interior
720 3789 830 3854 lenius
846 3803 879 3854 et
891 3787 988 3864 ratio,
1012 3788 1025 3850 i
1052 3789 1083 3854 le
1099 3789 1201 3855 etium

96 3874 288 3940 intellectus
317 3874 497 3962 ieeprffime
525 3873 660 3939 fallitur.
704 3877 741 3938 ln
764 3875 840 3936 loco
861 3871 975 3958 itaque
997 3813 1143 3937 futilitatis
1166 3887 1201 3936 et

95 3977 258 4022 vanarum
302 3957 541 4034 bantafierum,
570 3959 637 4022 hoc
659 3957 717 4029 eli,
740 3955 776 4018 in
799 3955 894 4018 ionlu
916 3975 1078 4040 corporeo
1122 3953 1157 4017 ui
1181 3975 1201 4018 e

96 4037 234 4108 Graecis
255 4041 414 4140 αισξησις
440 4057 600 4116 vocatur,
614 4054 656 4138 ’et
676 4039 734 4102 rub
757 4039 1036 4136 liguruumulierie
1055 3977 1200 4102 inione-

98 4125 730 4275 ttntttttlttittet
747 4122 918 4291 tutu:
939 4124 1027 4270 tttt
1043 4115 1202 4278 ttttl

99 4293 155 4358 vel
183 4293 311 4360 molum
331 4291 375 4358 est
395 4290 575 4380 figuratum
595 4291 706 4367 borlo,
735 4287 791 4356 vel
811 4303 852 4354 ut
867 4285 1060 4375 simpliciter
1079 4283 1201 4364 rlioont.
