3038 4828
307 265 388 342 aoa
512 311 514 314 -
629 213 1133 359 praedamnatum..
1263 299 1278 325 ι

178 512 183 524 .
310 453 395 520 bilae
418 449 560 540 speciest
591 447 784 517 extenditur
805 449 1004 520 audituoad
1022 469 1164 526 vocum,
1201 445 1260 514 iau
1280 445 1432 514 aliorum

310 536 501 612 sonituum,
512 533 732 622 -percuffione
748 535 831 617 adria
846 527 1318 623 erumpentium,·prolodiaa,
1390 551 1432 598 ao

312 619 435 686 ioniae
457 619 653 708 coloresque
667 621 792 683 vocum
807 618 952 686 dicimus
968 619 1007 684 iu
1024 618 1058 684 le
1074 615 1317 704 imaginandas.
1372 637 1433 680 ae-

311 703 376 768 teri
407 699 500 767 enim
527 717 595 767 trec
622 701 735 768 lenius
762 700 853 767 intra
883 701 1048 768 terminon·
1079 697 1229 787 corporia
1253 697 1431 765 contineri

310 785 491 852 ridenturt
522 785 675 873 quamvis
703 783 886 852 olfaciendi
906 785 1018 850 lenius
1039 781 1121 850 foria
1142 781 1319 871 protendi,
1349 799 1429 848 non

310 868 518 970 incongure,
553 881 594 933 ut
619 866 779 944 arbitror,
815 867 1028 936 existimetur.
1071 869 1148 933 Hoc
1177 881 1290 933 autem
1311 869 1430 931 t'otum

310 951 349 1018 iu
378 953 482 1040 ierpla
509 952 662 1039 fimplex,
694 951 856 1040 omnique
885 948 1052 1040 corporali
1073 948 1279 1038 quantitate,
1309 947 1429 1014 locali·

309 1032 442 1124 bueque
470 1033 584 1124 ipatiia
614 1032 726 1100 anima
754 1055 886 1112 carena,
916 1036 954 1100 iu
982 1057 1022 1100 co
1066 1055 1123 1100 ore
1144 1035 1237 1122 quod
1252 1031 1344 1118 regit
1365 1033 1429 1096 lua

336 1117 500 1185 raelentia
523 1117 665 1206 peragit.
707 1120 753 1182 Et
781 1121 864 1186 dum
888 1117 959 1208 ipsa
978 1057 1074 1184 nulfo
1094 1119 1172 1183 loco
1194 1115 1424 1191 contineatur,

309 1141 433 1268 focalea
451 1217 568 1276 tamen
588 1216 699 1288 partea
720 1199 772 1266 fui
793 1201 966 1290 corporis,
989 1201 1187 1288 ubicunque
1207 1201 1291 1276 lint,
1312 1198 1427 1264 vivifi·

310 1300 366 1351 cat
392 1301 493 1372 atque
524 1286 700 1372 gubernat.
741 1285 821 1351 Non
843 1285 936 1351 enim
957 1286 1094 1351 cumulo
1116 1282 1300 1348 carnalium
1320 1303 1428 1348 mem·

310 1371 449 1434 brorum
468 1368 621 1434 localiter
642 1369 877 1446 concluditur,
899 1390 965 1435 nec
978 1389 1064 1434 cunr
1084 1367 1229 1431 lenfibue
1244 1365 1332 1430 forae
1348 1387 1427 1452 porb

243 1498 254 1506 -
307 1450 410 1517 rectia
439 1452 593 1517 localiter
620 1449 816 1540 poirigitur.
866 1453 964 1518 Adest
992 1466 1106 1516 autem
1126 1448 1362 1537 potentialiter
1380 1450 1427 1514 ad

307 1534 521 1622 recipiendae
548 1535 754 1622 pliantafiaa,
814 1555 878 1600 uae
909 1534 946 1599 in
974 1534 1130 1600 sensuum
1150 1531 1288 1598 luorum
1307 1530 1428 1596 iustru'·

307 1617 452 1694 mentia,
473 1617 672 1716 ubicunque
691 1617 777 1704 lint,
792 1557 998 1684 iomannes.
1041 1619 1121 1704 Quo
1144 1637 1179 1680 ar
1225 1629 1341 1681 mento
1362 1635 1426 1680 na·

308 1700 426 1767 turalia
446 1699 583 1767 virtuti·
603 1700 721 1786 ipsius,
744 1717 779 1765 et
798 1699 1004 1767 illocalitatis
1025 1699 1180 1788 magnitu
1206 1721 1225 1764 o
1248 1697 1427 1787 cognosci-

308 1801 375 1850 tur.
404 1784 482 1848 Uno
503 1783 667 1882 fiquidem
688 1785 875 1872 eodemque
896 1783 1058 1871 temporie
1077 1797 1269 1857 momento,
1293 1783 1425 1847 erlide-

242 1865 250 1882 '
307 1889 385 1934 rum
404 1865 442 1930 in
463 1866 565 1932 radin
588 1868 764 1931 oculorum
784 1889 846 1954 per
866 1870 1000 1932 aethera
1018 1867 1152 1964 spuriis,
1183 1880 1218 1930 et
1236 1885 1360 1930 vocum
1383 1865 1424 1942 in

309 1947 431 2016 auditu
449 1969 511 2035 per
532 1955 607 2016 a'e'ra
628 1945 768 2027 diffuso,
786 1957 788 1964 '
806 1965 841 2014 ct
861 1952 1003 2015 odorum
1026 1971 1063 2013 m
1085 1949 1231 2024 olfactu,
1253 1947 1311 2011 sen
1331 1947 1425 2012 intra

309 2053 454 2120 corpus,
476 2031 535 2096 scu
556 2045 665 2108 extra,
687 2047 721 2096 et
740 2032 896 2118 saporum
917 2032 954 2096 in
977 2031 1089 2120 gustu,
1113 2032 1151 2096 in
1174 2045 1268 2096 tactu
1286 2051 1425 2130 quoquc

310 2115 465 2184 omnium
493 2135 580 2202 quae
607 2113 714 2179 tactui
735 2115 897 2180 accidunt
914 2114 1120 2203 phantafiaa,
1153 2117 1221 2180 boc
1243 2113 1286 2178 eli
1304 2113 1425 2212 imagi·

308 2221 388 2279 nea,
416 2197 565 2286 primum
586 2197 724 2286 quidem
747 2197 861 2264 nullia'
873 2215 1063 2296 temporum
1084 2197 1243 2273 moralia,
1273 2195 1422 2262 mirabrli

175 2357 185 2363 ,
309 2281 501 2358 celeritate,
534 2303 576 2344 ex
596 2280 826 2368 corporalibus
846 2303 997 2346 nument
1018 2281 1054 2346 in
1074 2280 1280 2346 sensualibus
1300 2281 1423 2346 forma·

309 2383 360 2431 tua
381 2363 502 2441 sentit,
532 2385 592 2450 per
613 2364 804 2428 occursores
828 2363 970 2463 recipit,
999 2385 1061 2450 per
1080 2365 1301 2452 progreliorea
1322 2361 1438 2429 indu-¹

186 2473 192 2481 ·
308 2448 375 2523 cit,
399 2467 461 2534 per
479 2445 703 2512 recordabilee
723 2467 906 2511 memoriae
927 2450 1159 2524 commendat,
1195 2468 1257 2544 per
1273 2445 1420 2511 rationa-

176 2554 180 2562 “
306 2531 394 2597 bilee
417 2527 569 2605 ordinat,
626 2551 661 2592 er
680 2527 926 2595 intellectuales
948 2532 1130 2617 approbat,
1160 2531 1419 2627 autnmprobat,

307 2610 495 2684 secundum
513 2552 646 2699 reguiita
660 2611 863 2701 xdivinorum
884 2634 1120 2696 numerorum,
1144 2611 1203 2701 qui
1224 2613 1320 2700 supra
1345 2634 1420 2677 earn

309 2698 405 2762 lunt:
427 2715 572 2782 quorum
597 2695 797 2792 exemplaria
814 2695 1042 2794 perspicient,
1078 2699 1175 2761 etde
1197 2695 1347 2761 numeria
1368 2694 1421 2759 in-

308 2795 361 2846 tra
380 2777 520 2864 seipsam
541 2777 730 2844 constitutio
749 2782 896 2860 judicat,
921 2781 1030 2867 deque
1044 2779 1282 2867 corporalibus
1296 2795 1331 2842 et
1347 2779 1418 2842 ien-

309 2861 477 2938 lualibua,
507 2860 568 2949 qui
594 2861 731 2950 utrique
761 2879 852 2928 extra
879 2863 912 2928 le
933 2863 1021 2927 lunt.
1065 2863 1152 2928 Octo
1173 2861 1336 2951 fiquidem
1357 2877 1422 2926 nus

308 2967 478 3013 merorum
508 2942 643 3010 ordinet
669 2943 757 3010 ratio
778 2945 930 3012 invenit:
962 2967 1105 3034 quorum
1126 2945 1256 3033 primur
1278 2961 1312 3010 et
1332 2949 1418 3010 lum·

307 3051 385 3096 mua
413 3028 458 3094 est
486 3027 585 3115 supra
615 3027 828 3094 intellectum
851 3029 888 3094 in
911 3028 1061 3116 aeternio,
1077 3031 1200 3106 caufia,
1233 3029 1419 3094 secundum

307 3134 427 3287 tuo
440 3110 1418 3290 ‘¹¹tir„u,·l:ltl„uf²:i²abatnlatu

299 3219 497 3370 judicariam
527 3279 595 3343 duo
618 3220 753 3365 quoqrie
775 3277 916 3344 omnino
938 3296 972 3344 et
993 3220 1084 3344 {aria
1106 3296 1141 3345 et
1161 3279 1249 3344 infra
1271 3278 1418 3344 animam

308 3361 407 3428 lunt:
429 3381 573 3508 ‹puorum
595 3361 733 3448 quidem
754 3384 843 3425 unua
866 3377 899 3427 et
920 3363 1063 3428 extimus
1084 3363 1121 3428 in
1144 3363 1339 3450 corporibus
1360 3363 1415 3438 eil,

309 3466 351 3510 ex
377 3441 436 3532 qui
460 3465 500 3508 ua
527 3443 682 3531 corporei
701 3444 814 3508 sensus
835 3445 1041 3522 formantur,
1074 3446 1110 3510 in
1134 3445 1256 3533 quibua
1277 3449 1418 3532 phanta-

307 3527 377 3604 fiae
403 3525 513 3592 fiunti
544 3527 628 3591 alter
654 3525 691 3590 in
712 3525 789 3614 iplia
811 3528 979 3616 corporeis
1000 3529 1144 3595 lenfibua
1167 3530 1354 3604 formatur,
1382 3543 1418 3592 et

307 3609 321 3674 i
346 3609 380 3673 lc
408 3610 453 3675 est
477 3611 729 3697 phantaliarum‘
750 3607 879 3700 primur
901 3615 1007 3691 ordo,
1038 3613 1075 3678 in
1097 3611 1325 3678 instrumentis
1344 3611 1417 3676 leu-
1449 3661 1451 3666 ,

322 3713 406 3758 uum
434 3691 652 3759 constitutur:
679 3691 718 3757 in
748 3693 856 3760 oculis
885 3693 963 3762 dico
994 3711 1029 3760 et
1048 3695 1185 3761 auribua
1210 3693 1418 3782 caeterisque

308 3775 465 3842 [aninum
491 3777 644 3843 redibat:
685 3774 724 3840 in
752 3775 824 3864 ipsa
852 3799 934 3844 vero
962 3779 1074 3844 anima
1101 3777 1253 3868 quinque
1281 3775 1418 3843 numeri

208 3889 213 3898 ·
308 3874 550 3946 computantur
567 3858 766 3926 naturaliter
785 3859 890 3927 inari:
912 3864 1103 3928 occursores
1125 3861 1184 3949 qui
1198 3860 1348 3950 primuni
1361 3881 1417 3927 oc·

308 3957 450 4007 currunt
469 3943 668 4030 phantafiia,
699 3962 822 4030 eaeque
841 3943 1031 4032 recipiunt;
1057 3944 1131 4033 poll
1153 3947 1215 4010 hoe
1235 3943 1418 4034 progrelio·

306 4025 632 4176 ita'0lbla‘lli²⁸
649 4024 1416 4180 BQidemtiffiuiiiiiiilai‘iliiss

306 4205 381 4260 tura
427 4191 528 4262 eiudc
546 4133 765 4262 :animula
785 4157 987 4283 per'urbem
1006 4195 1226 4275 dilbibuuut,
1246 4207 1352 4286 prout
1363 4190 1414 4262 in·
