<?xml version="1.0" encoding="UTF-8"?>
<!DOCTYPE html PUBLIC "-//W3C//DTD XHTML 1.0 Transitional//EN"
    "http://www.w3.org/TR/xhtml1/DTD/xhtml1-transitional.dtd">
<html xmlns="http://www.w3.org/1999/xhtml" xml:lang="en" lang="en">
 <head>
  <title>
</title>
<meta http-equiv="Content-Type" content="text/html;charset=utf-8" />
  <meta name='ocr-system' content='tesseract 3.04.00' />
  <meta name='ocr-capabilities' content='ocr_page ocr_carea ocr_par ocr_line ocrx_word'/>
</head>
<body>
  <div class='ocr_page' id='page_1' title='image "./dedivisionenatu00eriggoog_0106.png"; bbox 0 0 2952 4824; ppageno 0'>
   <div class='ocr_carea' id='block_1_1' title="bbox 419 235 1427 402">
    <p class='ocr_par' dir='ltr' id='par_1_1' title="bbox 419 235 1427 402">
     <span class='ocr_line' id='line_1_1' title="bbox 419 235 1427 402; baseline 0.001 -48"><span class='ocrx_word' id='word_1_1' title='bbox 419 269 760 375; x_wconf 62' lang='lat' dir='ltr'><strong>&#39;uranum</strong></span> <span class='ocrx_word' id='word_1_2' title='bbox 997 235 1427 402; x_wconf 48' lang='lat' dir='ltr'><strong>‘aa&#39; </strong></span> 
     </span>
    </p>
   </div>
   <div class='ocr_carea' id='block_1_2' title="bbox 58 461 1205 1886">
    <p class='ocr_par' dir='ltr' id='par_1_2' title="bbox 64 461 1205 779">
     <span class='ocr_line' id='line_1_2' title="bbox 65 461 1205 616; baseline 0.01 -88"><span class='ocrx_word' id='word_1_3' title='bbox 65 461 301 564; x_wconf 47' lang='lat' dir='ltr'><strong>stantiae,·aut</strong></span> <span class='ocrx_word' id='word_1_4' title='bbox 321 462 424 530; x_wconf 83' lang='lat' dir='ltr'><strong>alicui</strong></span> <span class='ocrx_word' id='word_1_5' title='bbox 442 465 611 532; x_wconf 85' lang='lat' dir='ltr'><strong>accidenti</strong></span> <span class='ocrx_word' id='word_1_6' title='bbox 632 467 814 616; x_wconf 49' lang='lat' dir='ltr'><strong>continge.</strong></span> <span class='ocrx_word' id='word_1_7' title='bbox 848 465 899 533; x_wconf 87' lang='grc' dir='ltr'><strong>Μ.</strong></span> <span class='ocrx_word' id='word_1_8' title='bbox 919 461 1028 556; x_wconf 80' lang='lat' dir='ltr'><strong>Agere</strong></span> <span class='ocrx_word' id='word_1_9' title='bbox 1048 485 1083 538; x_wconf 88' lang='lat' dir='ltr'><strong>et</strong></span> <span class='ocrx_word' id='word_1_10' title='bbox 1100 471 1175 559; x_wconf 89' lang='lat' dir='ltr'><strong>pati</strong></span> <span class='ocrx_word' id='word_1_11' title='bbox 1203 477 1205 485; x_wconf 60' lang='lat'><strong>⁴</strong></span> 
     </span>
     <span class='ocr_line' id='line_1_3' title="bbox 65 548 1175 635; baseline 0.008 -23"><span class='ocrx_word' id='word_1_12' title='bbox 65 548 291 614; x_wconf 75' lang='lat' dir='ltr'><strong>accidentium</strong></span> <span class='ocrx_word' id='word_1_13' title='bbox 311 569 454 614; x_wconf 87' lang='lat' dir='ltr'><strong>numero</strong></span> <span class='ocrx_word' id='word_1_14' title='bbox 476 549 721 616; x_wconf 74' lang='lat' dir='ltr'><strong>continentur?</strong></span> <span class='ocrx_word' id='word_1_15' title='bbox 789 549 941 616; x_wconf 85' lang='lat' dir='ltr'><strong>.Etiam.</strong></span> <span class='ocrx_word' id='word_1_16' title='bbox 982 555 1032 620; x_wconf 89' lang='lat' dir='ltr'><strong>M.</strong></span> <span class='ocrx_word' id='word_1_17' title='bbox 1054 554 1175 635; x_wconf 73' lang='lat' dir='ltr'><strong>Cujus·</strong></span> 
     </span>
     <span class='ocr_line' id='line_1_4' title="bbox 64 629 1174 779; baseline 0.011 -83"><span class='ocrx_word' id='word_1_18' title='bbox 64 631 155 779; x_wconf 61' lang='lat' dir='ltr'><strong>p&#39;iam</strong></span> <span class='ocrx_word' id='word_1_19' title='bbox 183 631 196 694; x_wconf 90' lang='lat' dir='ltr'><strong>i</strong></span> <span class='ocrx_word' id='word_1_20' title='bbox 222 629 289 694; x_wconf 87' lang='lat' dir='ltr'><strong>&#39;tur</strong></span> <span class='ocrx_word' id='word_1_21' title='bbox 311 631 509 698; x_wconf 77' lang='lat' dir='ltr'><strong>substantiae</strong></span> <span class='ocrx_word' id='word_1_22' title='bbox 528 633 617 698; x_wconf 74' lang='lat' dir='ltr'><strong>sunt.</strong></span> <span class='ocrx_word' id='word_1_23' title='bbox 661 639 755 702; x_wconf 86' lang='lat' dir='ltr'><strong>Haec</strong></span> <span class='ocrx_word' id='word_1_24' title='bbox 777 633 903 700; x_wconf 82' lang='lat' dir='ltr'><strong>etenim</strong></span> <span class='ocrx_word' id='word_1_25' title='bbox 922 635 1068 734; x_wconf 74' lang='lat' dir='ltr'><strong>propriis</strong></span> <span class='ocrx_word' id='word_1_26' title='bbox 1089 637 1174 709; x_wconf 76' lang='lat' dir='ltr'><strong>acci·</strong></span> 
     </span>
    </p>

    <p class='ocr_par' dir='ltr' id='par_1_3' title="bbox 58 713 1199 1886">
     <span class='ocr_line' id='line_1_5' title="bbox 89 713 1172 790; baseline 0.01 -13"><span class='ocrx_word' id='word_1_27' title='bbox 89 715 113 778; x_wconf 89' lang='lat' dir='ltr'><strong>&#39;t</strong></span> <span class='ocrx_word' id='word_1_28' title='bbox 132 715 192 778; x_wconf 91' lang='lat' dir='ltr'><strong>sub</strong></span> <span class='ocrx_word' id='word_1_29' title='bbox 220 713 338 790; x_wconf 82' lang='lat' dir='ltr'><strong>antiie;</strong></span> <span class='ocrx_word' id='word_1_30' title='bbox 361 737 440 780; x_wconf 87' lang='lat' dir='ltr'><strong>nam</strong></span> <span class='ocrx_word' id='word_1_31' title='bbox 484 719 673 783; x_wconf 83' lang='lat' dir='ltr'><strong>eneralibue</strong></span> <span class='ocrx_word' id='word_1_32' title='bbox 695 717 840 784; x_wconf 74' lang='lat' dir='ltr'><strong>essentiis</strong></span> <span class='ocrx_word' id='word_1_33' title='bbox 861 717 950 782; x_wconf 84' lang='lat' dir='ltr'><strong>nih11</strong></span> <span class='ocrx_word' id='word_1_34' title='bbox 964 718 1098 786; x_wconf 87' lang='lat' dir='ltr'><strong>accidit.</strong></span> <span class='ocrx_word' id='word_1_35' title='bbox 1128 723 1172 788; x_wconf 90' lang='lat' dir='ltr'><strong>D.</strong></span> 
     </span>
     <span class='ocr_line' id='line_1_6' title="bbox 65 798 1173 888; baseline 0.008 -27"><span class='ocrx_word' id='word_1_36' title='bbox 65 799 133 862; x_wconf 85' lang='lat' dir='ltr'><strong>Nec</strong></span> <span class='ocrx_word' id='word_1_37' title='bbox 163 801 231 862; x_wconf 91' lang='lat' dir='ltr'><strong>boc</strong></span> <span class='ocrx_word' id='word_1_38' title='bbox 250 798 413 886; x_wconf 80' lang='lat' dir='ltr'><strong>negarim.</strong></span> <span class='ocrx_word' id='word_1_39' title='bbox 497 846 506 864; x_wconf 98' lang='lat'><strong>.</strong></span> <span class='ocrx_word' id='word_1_40' title='bbox 535 800 602 866; x_wconf 89' lang='lat' dir='ltr'><strong>Dic</strong></span> <span class='ocrx_word' id='word_1_41' title='bbox 623 804 744 888; x_wconf 83' lang='lat' dir='ltr'><strong>quaeso</strong></span> <span class='ocrx_word' id='word_1_42' title='bbox 765 825 850 866; x_wconf 90' lang='lat' dir='ltr'><strong>num</strong></span> <span class='ocrx_word' id='word_1_43' title='bbox 873 801 1021 868; x_wconf 88' lang='lat' dir='ltr'><strong>summae</strong></span> <span class='ocrx_word' id='word_1_44' title='bbox 1042 823 1081 868; x_wconf 90' lang='lat' dir='ltr'><strong>ac</strong></span> <span class='ocrx_word' id='word_1_45' title='bbox 1101 803 1173 870; x_wconf 89' lang='lat' dir='ltr'><strong>sim·</strong></span> 
     </span>
     <span class='ocr_line' id='line_1_7' title="bbox 64 879 1174 980; baseline 0.008 -36"><span class='ocrx_word' id='word_1_46' title='bbox 64 879 142 980; x_wconf 87' lang='lat' dir='ltr'><strong>plici</strong></span> <span class='ocrx_word' id='word_1_47' title='bbox 158 880 363 968; x_wconf 79' lang='lat' dir='ltr'><strong>divinaeque</strong></span> <span class='ocrx_word' id='word_1_48' title='bbox 375 899 515 947; x_wconf 89' lang='lat' dir='ltr'><strong>naturae</strong></span> <span class='ocrx_word' id='word_1_49' title='bbox 526 883 655 971; x_wconf 85' lang='lat' dir='ltr'><strong>aliquid</strong></span> <span class='ocrx_word' id='word_1_50' title='bbox 666 884 815 950; x_wconf 84' lang='lat' dir='ltr'><strong>acciditl</strong></span> <span class='ocrx_word' id='word_1_51' title='bbox 836 888 880 950; x_wconf 88' lang='lat' dir='ltr'><strong>D.</strong></span> <span class='ocrx_word' id='word_1_52' title='bbox 896 887 994 950; x_wconf 82' lang='lat' dir='ltr'><strong>Absit.</strong></span> <span class='ocrx_word' id='word_1_53' title='bbox 1016 887 1067 950; x_wconf 87' lang='lat' dir='ltr'><strong>M.</strong></span> <span class='ocrx_word' id='word_1_54' title='bbox 1079 887 1174 954; x_wconf 88' lang='lat' dir='ltr'><strong>Num</strong></span> 
     </span>
     <span class='ocr_line' id='line_1_8' title="bbox 64 963 1172 1056; baseline 0.006 -28"><span class='ocrx_word' id='word_1_55' title='bbox 64 966 128 1052; x_wconf 83' lang='lat' dir='ltr'><strong>apsa</strong></span> <span class='ocrx_word' id='word_1_56' title='bbox 150 963 278 1029; x_wconf 87' lang='lat' dir='ltr'><strong>accidit</strong></span> <span class='ocrx_word' id='word_1_57' title='bbox 298 964 424 1030; x_wconf 77' lang='lat' dir='ltr'><strong>alicui?</strong></span> <span class='ocrx_word' id='word_1_58' title='bbox 446 971 489 1030; x_wconf 92' lang='lat' dir='ltr'><strong>D.</strong></span> <span class='ocrx_word' id='word_1_59' title='bbox 510 967 584 1032; x_wconf 87' lang='lat' dir='ltr'><strong>Nec</strong></span> <span class='ocrx_word' id='word_1_60' title='bbox 603 971 671 1033; x_wconf 86' lang='lat' dir='ltr'><strong>hoc</strong></span> <span class='ocrx_word' id='word_1_61' title='bbox 687 968 825 1055; x_wconf 90' lang='lat' dir='ltr'><strong>quidem</strong></span> <span class='ocrx_word' id='word_1_62' title='bbox 838 967 997 1046; x_wconf 70' lang='lat' dir='ltr'><strong>dixerim</strong></span> <span class='ocrx_word' id='word_1_63' title='bbox 1019 967 1172 1056; x_wconf 89' lang='lat' dir='ltr'><strong>alioquin</strong></span> 
     </span>
     <span class='ocr_line' id='line_1_9' title="bbox 63 1045 1173 1139; baseline 0.007 -28"><span class='ocrx_word' id='word_1_64' title='bbox 63 1045 237 1134; x_wconf 81' lang='lat' dir='ltr'><strong>passibilia,</strong></span> <span class='ocrx_word' id='word_1_65' title='bbox 259 1048 516 1137; x_wconf 73' lang='lat' dir='ltr'><strong>mutabilisque,</strong></span> <span class='ocrx_word' id='word_1_66' title='bbox 539 1050 675 1116; x_wconf 84' lang='lat' dir='ltr'><strong>alteriue</strong></span> <span class='ocrx_word' id='word_1_67' title='bbox 699 1075 744 1116; x_wconf 89' lang='lat' dir='ltr'><strong>ue</strong></span> <span class='ocrx_word' id='word_1_68' title='bbox 763 1065 903 1117; x_wconf 85' lang='lat' dir='ltr'><strong>naturae</strong></span> <span class='ocrx_word' id='word_1_69' title='bbox 925 1073 1030 1139; x_wconf 84' lang='lat' dir='ltr'><strong>capax</strong></span> <span class='ocrx_word' id='word_1_70' title='bbox 1047 1053 1173 1118; x_wconf 79' lang='lat' dir='ltr'><strong>efferi·</strong></span> 
     </span>
     <span class='ocr_line' id='line_1_10' title="bbox 64 1075 1173 1223; baseline 0.007 -29"><span class='ocrx_word' id='word_1_71' title='bbox 64 1133 207 1195; x_wconf 86' lang='lat' dir='ltr'><strong>deretur.</strong></span> <span class='ocrx_word' id='word_1_72' title='bbox 250 1135 299 1196; x_wconf 92' lang='grc' dir='ltr'><strong>Μ.</strong></span> <span class='ocrx_word' id='word_1_73' title='bbox 333 1133 473 1199; x_wconf 89' lang='lat' dir='ltr'><strong>Nullum</strong></span> <span class='ocrx_word' id='word_1_74' title='bbox 495 1155 574 1222; x_wconf 84' lang='lat' dir='ltr'><strong>crgo</strong></span> <span class='ocrx_word' id='word_1_75' title='bbox 595 1075 752 1200; x_wconf 64' lang='lat' dir='ltr'><strong>accisam</strong></span> <span class='ocrx_word' id='word_1_76' title='bbox 772 1133 841 1200; x_wconf 89' lang='lat' dir='ltr'><strong>reci</strong></span> <span class='ocrx_word' id='word_1_77' title='bbox 867 1134 912 1213; x_wconf 92' lang='lat' dir='ltr'><strong>it,</strong></span> <span class='ocrx_word' id='word_1_78' title='bbox 944 1134 1099 1223; x_wconf 84' lang='lat' dir='ltr'><strong>nullique</strong></span> <span class='ocrx_word' id='word_1_79' title='bbox 1120 1157 1173 1216; x_wconf 69' lang='lat' dir='ltr'><strong>ac,-</strong></span> 
     </span>
     <span class='ocr_line' id='line_1_11' title="bbox 64 1213 1174 1308; baseline 0.005 -28"><span class='ocrx_word' id='word_1_80' title='bbox 64 1213 156 1280; x_wconf 89' lang='lat' dir='ltr'><strong>cidit.</strong></span> <span class='ocrx_word' id='word_1_81' title='bbox 205 1217 248 1278; x_wconf 88' lang='lat' dir='ltr'><strong>D.</strong></span> <span class='ocrx_word' id='word_1_82' title='bbox 277 1215 417 1282; x_wconf 88' lang='lat' dir='ltr'><strong>Nullum</strong></span> <span class='ocrx_word' id='word_1_83' title='bbox 437 1217 610 1303; x_wconf 86' lang='lat' dir='ltr'><strong>profecto,</strong></span> <span class='ocrx_word' id='word_1_84' title='bbox 639 1218 803 1305; x_wconf 86' lang='lat' dir='ltr'><strong>nullique.</strong></span> <span class='ocrx_word' id='word_1_85' title='bbox 887 1220 943 1285; x_wconf 78' lang='lat' dir='ltr'><strong>‚A</strong></span> <span class='ocrx_word' id='word_1_86' title='bbox 970 1241 1024 1284; x_wconf 88' lang='lat' dir='ltr'><strong>cre</strong></span> <span class='ocrx_word' id='word_1_87' title='bbox 1044 1233 1079 1284; x_wconf 86' lang='lat' dir='ltr'><strong>et</strong></span> <span class='ocrx_word' id='word_1_88' title='bbox 1098 1219 1174 1308; x_wconf 88' lang='lat' dir='ltr'><strong>pati</strong></span> 
     </span>
     <span class='ocr_line' id='line_1_12' title="bbox 62 1241 1173 1390; baseline 0.006 -29"><span class='ocrx_word' id='word_1_89' title='bbox 62 1297 251 1364; x_wconf 85' lang='lat' dir='ltr'><strong>accidentia</strong></span> <span class='ocrx_word' id='word_1_90' title='bbox 279 1299 386 1364; x_wconf 80' lang='lat' dir='ltr'><strong>suntl</strong></span> <span class='ocrx_word' id='word_1_91' title='bbox 418 1303 462 1364; x_wconf 91' lang='lat' dir='ltr'><strong>D.</strong></span> <span class='ocrx_word' id='word_1_92' title='bbox 491 1303 536 1364; x_wconf 87' lang='lat' dir='ltr'><strong>Et</strong></span> <span class='ocrx_word' id='word_1_93' title='bbox 556 1303 623 1366; x_wconf 89' lang='lat' dir='ltr'><strong>hoc</strong></span> <span class='ocrx_word' id='word_1_94' title='bbox 646 1305 762 1366; x_wconf 90' lang='lat' dir='ltr'><strong>datum</strong></span> <span class='ocrx_word' id='word_1_95' title='bbox 783 1301 838 1368; x_wconf 81' lang='lat' dir='ltr'><strong>cll.</strong></span> <span class='ocrx_word' id='word_1_96' title='bbox 880 1304 929 1368; x_wconf 89' lang='lat' dir='ltr'><strong>M.</strong></span> <span class='ocrx_word' id='word_1_97' title='bbox 946 1241 1090 1368; x_wconf 56' lang='lat' dir='ltr'><strong>{amma</strong></span> <span class='ocrx_word' id='word_1_98' title='bbox 1106 1302 1173 1390; x_wconf 86' lang='lat' dir='ltr'><strong>igi·</strong></span> 
     </span>
     <span class='ocr_line' id='line_1_13' title="bbox 63 1380 1169 1486; baseline 0.005 -41"><span class='ocrx_word' id='word_1_99' title='bbox 63 1396 114 1445; x_wconf 86' lang='lat' dir='ltr'><strong>tur</strong></span> <span class='ocrx_word' id='word_1_100' title='bbox 133 1380 292 1446; x_wconf 90' lang='lat' dir='ltr'><strong>omnium</strong></span> <span class='ocrx_word' id='word_1_101' title='bbox 313 1382 428 1460; x_wconf 85' lang='lat' dir='ltr'><strong>causa,</strong></span> <span class='ocrx_word' id='word_1_102' title='bbox 450 1383 684 1471; x_wconf 88' lang='lat' dir='ltr'><strong>summumque</strong></span> <span class='ocrx_word' id='word_1_103' title='bbox 705 1385 871 1472; x_wconf 88' lang='lat' dir='ltr'><strong>primum,</strong></span> <span class='ocrx_word' id='word_1_104' title='bbox 894 1387 988 1486; x_wconf 89' lang='lat' dir='ltr'><strong>quod</strong></span> <span class='ocrx_word' id='word_1_105' title='bbox 1002 1386 1169 1462; x_wconf 72' lang='lat' dir='ltr'><strong>Deueest,</strong></span> 
     </span>
     <span class='ocr_line' id='line_1_14' title="bbox 60 1462 1172 1618; baseline 0.004 -6"><span class='ocrx_word' id='word_1_106' title='bbox 60 1485 165 1612; x_wconf 60' lang='lat' dir='ltr'><strong>:tta</strong></span> <span class='ocrx_word' id='word_1_107' title='bbox 179 1462 926 1618; x_wconf 61' lang='lat' dir='ltr'><strong>arata⁰¹²Nze³1²a‘·...¹{·..³ua.;ta¹·</strong></span> <span class='ocrx_word' id='word_1_108' title='bbox 937 1467 1110 1616; x_wconf 59' lang='lat' dir='ltr'><strong>llltlt</strong></span> <span class='ocrx_word' id='word_1_109' title='bbox 1119 1467 1172 1618; x_wconf 67' lang='lat' dir='ltr'><strong>”ii</strong></span> 
     </span>
     <span class='ocr_line' id='line_1_15' title="bbox 59 1575 1199 1720; baseline 0.004 -27"><span class='ocrx_word' id='word_1_110' title='bbox 59 1630 142 1696; x_wconf 86' lang='lat' dir='ltr'><strong>ratio</strong></span> <span class='ocrx_word' id='word_1_111' title='bbox 173 1630 358 1708; x_wconf 83' lang='lat' dir='ltr'><strong>deridebit,</strong></span> <span class='ocrx_word' id='word_1_112' title='bbox 386 1639 493 1698; x_wconf 86' lang='lat' dir='ltr'><strong>&#39;omne</strong></span> <span class='ocrx_word' id='word_1_113' title='bbox 517 1655 561 1698; x_wconf 94' lang='lat' dir='ltr'><strong>ue</strong></span> <span class='ocrx_word' id='word_1_114' title='bbox 593 1637 687 1720; x_wconf 89' lang='lat' dir='ltr'><strong>quod</strong></span> <span class='ocrx_word' id='word_1_115' title='bbox 712 1639 877 1702; x_wconf 82' lang='lat' dir='ltr'><strong>hacteuua</strong></span> <span class='ocrx_word' id='word_1_116' title='bbox 896 1598 985 1701; x_wconf 82' lang='lat' dir='ltr'><strong>&#39;dedi</strong></span> <span class='ocrx_word' id='word_1_117' title='bbox 1013 1575 1199 1700; x_wconf 75' lang='lat' dir='ltr'><strong>vacilliire=</strong></span> 
     </span>
     <span class='ocr_line' id='line_1_16' title="bbox 58 1713 1171 1818; baseline 0.004 -41"><span class='ocrx_word' id='word_1_118' title='bbox 58 1713 148 1778; x_wconf 78' lang='lat' dir='ltr'><strong>finer.</strong></span> <span class='ocrx_word' id='word_1_119' title='bbox 193 1713 385 1814; x_wconf 27' lang='lat' dir='ltr'><strong>Sihverum,</strong></span> <span class='ocrx_word' id='word_1_120' title='bbox 422 1737 506 1782; x_wconf 87' lang='lat' dir='ltr'><strong>nece</strong></span> <span class='ocrx_word' id='word_1_121' title='bbox 532 1715 601 1782; x_wconf 89' lang='lat' dir='ltr'><strong>ario</strong></span> <span class='ocrx_word' id='word_1_122' title='bbox 621 1718 796 1806; x_wconf 87' lang='lat' dir='ltr'><strong>sequetur,</strong></span> <span class='ocrx_word' id='word_1_123' title='bbox 834 1734 875 1784; x_wconf 92' lang='lat' dir='ltr'><strong>ut</strong></span> <span class='ocrx_word' id='word_1_124' title='bbox 895 1721 989 1806; x_wconf 91' lang='lat' dir='ltr'><strong>quod</strong></span> <span class='ocrx_word' id='word_1_125' title='bbox 1009 1720 1053 1783; x_wconf 87' lang='lat' dir='ltr'><strong>de</strong></span> <span class='ocrx_word' id='word_1_126' title='bbox 1073 1739 1171 1818; x_wconf 74' lang='lat' dir='ltr'><strong>agere</strong></span> 
     </span>
     <span class='ocr_line' id='line_1_17' title="bbox 60 1795 1171 1886; baseline 0.005 -26"><span class='ocrx_word' id='word_1_127' title='bbox 60 1811 92 1860; x_wconf 89' lang='lat' dir='ltr'><strong>et</strong></span> <span class='ocrx_word' id='word_1_128' title='bbox 140 1795 190 1860; x_wconf 82' lang='lat' dir='ltr'><strong>ati</strong></span> <span class='ocrx_word' id='word_1_129' title='bbox 218 1797 450 1874; x_wconf 85' lang='lat' dir='ltr'><strong>concesserim,</strong></span> <span class='ocrx_word' id='word_1_130' title='bbox 484 1799 522 1865; x_wconf 93' lang='lat' dir='ltr'><strong>id</strong></span> <span class='ocrx_word' id='word_1_131' title='bbox 548 1799 659 1886; x_wconf 90' lang='lat' dir='ltr'><strong>ipsum</strong></span> <span class='ocrx_word' id='word_1_132' title='bbox 692 1802 795 1866; x_wconf 86' lang='lat' dir='ltr'><strong>etiam</strong></span> <span class='ocrx_word' id='word_1_133' title='bbox 823 1804 866 1868; x_wconf 89' lang='lat' dir='ltr'><strong>de</strong></span> <span class='ocrx_word' id='word_1_134' title='bbox 887 1799 1027 1866; x_wconf 74' lang='lat' dir='ltr'><strong>caeteris</strong></span> <span class='ocrx_word' id='word_1_135' title='bbox 1048 1800 1171 1866; x_wconf 78' lang='lat' dir='ltr'><strong>acurio</strong></span> 
     </span>
    </p>
   </div>
   <div class='ocr_carea' id='block_1_3' title="bbox 59 1878 1281 1982">
    <p class='ocr_par' dir='ltr' id='par_1_4' title="bbox 59 1878 1281 1982">
     <span class='ocr_line' id='line_1_18' title="bbox 59 1878 1281 1982; baseline 0.007 -41"><span class='ocrx_word' id='word_1_136' title='bbox 59 1903 80 1966; x_wconf 91' lang='lat' dir='ltr'><strong>p</strong></span> <span class='ocrx_word' id='word_1_137' title='bbox 135 1878 269 1966; x_wconf 80' lang='lat' dir='ltr'><strong>vitque</strong></span> <span class='ocrx_word' id='word_1_138' title='bbox 292 1880 421 1954; x_wconf 81' lang='lat' dir='ltr'><strong>verbia,</strong></span> <span class='ocrx_word' id='word_1_139' title='bbox 459 1886 693 1972; x_wconf 72' lang='lat' dir='ltr'><strong>cujuscunque</strong></span> <span class='ocrx_word' id='word_1_140' title='bbox 721 1885 855 1972; x_wconf 72' lang='lat' dir='ltr'><strong>generis</strong></span> <span class='ocrx_word' id='word_1_141' title='bbox 882 1887 1065 1982; x_wconf 79' lang='lat' dir='ltr'><strong>verborum</strong></span> <span class='ocrx_word' id='word_1_142' title='bbox 1094 1885 1170 1961; x_wconf 88' lang='lat' dir='ltr'><strong>fint,</strong></span> <span class='ocrx_word' id='word_1_143' title='bbox 1278 1925 1281 1934; x_wconf 90' lang='lat'><em>·</em></span> 
     </span>
    </p>
   </div>
   <div class='ocr_carea' id='block_1_4' title="bbox 57 1963 1173 3874">
    <p class='ocr_par' dir='ltr' id='par_1_5' title="bbox 57 1963 1173 3874">
     <span class='ocr_line' id='line_1_19' title="bbox 61 1963 1171 2050; baseline 0.005 -22"><span class='ocrx_word' id='word_1_144' title='bbox 61 1963 262 2036; x_wconf 86' lang='lat' dir='ltr'><strong>concedam,</strong></span> <span class='ocrx_word' id='word_1_145' title='bbox 284 1963 318 2025; x_wconf 90' lang='lat' dir='ltr'><strong>b.</strong></span> <span class='ocrx_word' id='word_1_146' title='bbox 343 1983 372 2024; x_wconf 92' lang='lat' dir='ltr'><strong>e.</strong></span> <span class='ocrx_word' id='word_1_147' title='bbox 394 1982 506 2050; x_wconf 89' lang='lat' dir='ltr'><strong>neque</strong></span> <span class='ocrx_word' id='word_1_148' title='bbox 527 1967 640 2030; x_wconf 88' lang='lat' dir='ltr'><strong>Deum</strong></span> <span class='ocrx_word' id='word_1_149' title='bbox 662 1988 790 2046; x_wconf 86' lang='lat' dir='ltr'><strong>amare,</strong></span> <span class='ocrx_word' id='word_1_150' title='bbox 825 1989 870 2033; x_wconf 88' lang='lat' dir='ltr'><strong>ne</strong></span> <span class='ocrx_word' id='word_1_151' title='bbox 893 1989 938 2032; x_wconf 89' lang='lat' dir='ltr'><strong>ue</strong></span> <span class='ocrx_word' id='word_1_152' title='bbox 959 1989 1080 2043; x_wconf 86' lang='lat' dir='ltr'><strong>aman,</strong></span> <span class='ocrx_word' id='word_1_153' title='bbox 1112 1987 1171 2032; x_wconf 86' lang='lat' dir='ltr'><strong>ne·</strong></span> 
     </span>
     <span class='ocr_line' id='line_1_20' title="bbox 60 1991 1173 2137; baseline 0.004 -28"><span class='ocrx_word' id='word_1_154' title='bbox 60 2067 121 2132; x_wconf 90' lang='lat' dir='ltr'><strong>que</strong></span> <span class='ocrx_word' id='word_1_155' title='bbox 140 2065 303 2119; x_wconf 81' lang='lat' dir='ltr'><strong>movere,</strong></span> <span class='ocrx_word' id='word_1_156' title='bbox 325 2064 436 2130; x_wconf 87' lang='lat' dir='ltr'><strong>neque</strong></span> <span class='ocrx_word' id='word_1_157' title='bbox 457 2047 607 2122; x_wconf 85' lang='lat' dir='ltr'><strong>moveri,</strong></span> <span class='ocrx_word' id='word_1_158' title='bbox 629 2049 815 2137; x_wconf 75' lang='lat' dir='ltr'><strong>similiaque</strong></span> <span class='ocrx_word' id='word_1_159' title='bbox 836 1991 948 2135; x_wconf 80' lang='lat' dir='ltr'><strong>mille3</strong></span> <span class='ocrx_word' id='word_1_160' title='bbox 973 2070 1082 2136; x_wconf 89' lang='lat' dir='ltr'><strong>eoque</strong></span> <span class='ocrx_word' id='word_1_161' title='bbox 1101 2069 1173 2114; x_wconf 89' lang='lat' dir='ltr'><strong>ma·</strong></span> 
     </span>
     <span class='ocr_line' id='line_1_21' title="bbox 59 2126 1172 2217; baseline 0.003 -26"><span class='ocrx_word' id='word_1_162' title='bbox 59 2128 105 2217; x_wconf 79' lang='lat' dir='ltr'><strong>gir</strong></span> <span class='ocrx_word' id='word_1_163' title='bbox 124 2149 242 2213; x_wconf 87' lang='lat' dir='ltr'><strong>neque</strong></span> <span class='ocrx_word' id='word_1_164' title='bbox 262 2127 344 2201; x_wconf 83' lang='lat' dir='ltr'><strong>effe,</strong></span> <span class='ocrx_word' id='word_1_165' title='bbox 365 2149 477 2214; x_wconf 89' lang='lat' dir='ltr'><strong>neque</strong></span> <span class='ocrx_word' id='word_1_166' title='bbox 499 2126 676 2195; x_wconf 71' lang='lat' dir='ltr'><strong>subsistere.</strong></span> <span class='ocrx_word' id='word_1_167' title='bbox 707 2135 752 2196; x_wconf 83' lang='lat' dir='ltr'><strong>At</strong></span> <span class='ocrx_word' id='word_1_168' title='bbox 771 2133 796 2196; x_wconf 89' lang='lat' dir='ltr'><strong>s1</strong></span> <span class='ocrx_word' id='word_1_169' title='bbox 816 2135 899 2207; x_wconf 92' lang='lat' dir='ltr'><strong>hoc,</strong></span> <span class='ocrx_word' id='word_1_170' title='bbox 919 2130 1062 2196; x_wconf 77' lang='lat' dir='ltr'><strong>videone</strong></span> <span class='ocrx_word' id='word_1_171' title='bbox 1108 2143 1172 2196; x_wconf 91' lang='lat' dir='ltr'><strong>uot</strong></span> 
     </span>
     <span class='ocr_line' id='line_1_22' title="bbox 60 2153 1171 2358; baseline 0 -82"><span class='ocrx_word' id='word_1_172' title='bbox 60 2229 90 2276; x_wconf 87' lang='lat' dir='ltr'><strong>et</strong></span> <span class='ocrx_word' id='word_1_173' title='bbox 116 2209 258 2310; x_wconf 83' lang='lat' dir='ltr'><strong>quantia</strong></span> <span class='ocrx_word' id='word_1_174' title='bbox 282 2211 519 2309; x_wconf 60' lang='lat' dir='ltr'><strong>frequentibus</strong></span> <span class='ocrx_word' id='word_1_175' title='bbox 549 2213 741 2299; x_wconf 87' lang='lat' dir='ltr'><strong>Scripturae</strong></span> <span class='ocrx_word' id='word_1_176' title='bbox 763 2215 905 2278; x_wconf 85' lang='lat' dir='ltr'><strong>Sanctae</strong></span> <span class='ocrx_word' id='word_1_177' title='bbox 926 2215 1049 2280; x_wconf 87' lang='lat' dir='ltr'><strong>obruar</strong></span> <span class='ocrx_word' id='word_1_178' title='bbox 1068 2153 1171 2358; x_wconf 62' lang='lat' dir='ltr'><strong>tiliprl</strong></span> 
     </span>
     <span class='ocr_line' id='line_1_23' title="bbox 57 2295 1171 2476; baseline -0.002 -32"><span class='ocrx_word' id='word_1_179' title='bbox 57 2295 1088 2476; x_wconf 57' lang='lat' dir='ltr'><strong>lltttttmatst‘tt.tll{⁹3;ta.‡iq33.l.?⁰.ltsts</strong></span> <span class='ocrx_word' id='word_1_180' title='bbox 1106 2315 1171 2442; x_wconf 62' lang='lat' dir='ltr'><strong>lu?</strong></span> 
     </span>
     <span class='ocr_line' id='line_1_24' title="bbox 60 2459 1172 2548; baseline 0 -22"><span class='ocrx_word' id='word_1_181' title='bbox 60 2461 213 2548; x_wconf 84' lang='lat' dir='ltr'><strong>ficileque</strong></span> <span class='ocrx_word' id='word_1_182' title='bbox 235 2461 440 2546; x_wconf 75' lang='lat' dir='ltr'><strong>simplicibus</strong></span> <span class='ocrx_word' id='word_1_183' title='bbox 463 2459 587 2524; x_wconf 80' lang='lat' dir='ltr'><strong>animia</strong></span> <span class='ocrx_word' id='word_1_184' title='bbox 610 2461 689 2525; x_wconf 90' lang='lat' dir='ltr'><strong>talia</strong></span> <span class='ocrx_word' id='word_1_185' title='bbox 710 2463 864 2545; x_wconf 83' lang='lat' dir='ltr'><strong>suadere3</strong></span> <span class='ocrx_word' id='word_1_186' title='bbox 914 2463 1172 2548; x_wconf 85' lang='lat' dir='ltr'><strong>uandoquadem</strong></span> 
     </span>
     <span class='ocr_line' id='line_1_25' title="bbox 59 2484 1169 2639; baseline -0.002 -29"><span class='ocrx_word' id='word_1_187' title='bbox 59 2567 173 2610; x_wconf 85' lang='lat' dir='ltr'><strong>corum</strong></span> <span class='ocrx_word' id='word_1_188' title='bbox 203 2543 263 2628; x_wconf 90' lang='lat' dir='ltr'><strong>qui</strong></span> <span class='ocrx_word' id='word_1_189' title='bbox 289 2543 450 2607; x_wconf 82' lang='lat' dir='ltr'><strong>videntur</strong></span> <span class='ocrx_word' id='word_1_190' title='bbox 480 2543 543 2607; x_wconf 86' lang='lat' dir='ltr'><strong>elle</strong></span> <span class='ocrx_word' id='word_1_191' title='bbox 571 2543 759 2630; x_wconf 80' lang='lat' dir='ltr'><strong>sapientes,</strong></span> <span class='ocrx_word' id='word_1_192' title='bbox 792 2547 873 2609; x_wconf 90' lang='lat' dir='ltr'><strong>dum</strong></span> <span class='ocrx_word' id='word_1_193' title='bbox 892 2484 985 2608; x_wconf 76' lang='lat' dir='ltr'><strong>lraec</strong></span> <span class='ocrx_word' id='word_1_194' title='bbox 1012 2543 1169 2639; x_wconf 86' lang='lat' dir='ltr'><strong>audiunt,</strong></span> 
     </span>
     <span class='ocr_line' id='line_1_26' title="bbox 60 2625 1171 2712; baseline -0.003 -19"><span class='ocrx_word' id='word_1_195' title='bbox 60 2651 149 2693; x_wconf 81' lang='lat' dir='ltr'><strong>auree</strong></span> <span class='ocrx_word' id='word_1_196' title='bbox 172 2631 383 2690; x_wconf 71' lang='lat' dir='ltr'><strong>horrescunt.</strong></span> <span class='ocrx_word' id='word_1_197' title='bbox 425 2627 474 2690; x_wconf 89' lang='grc' dir='ltr'><strong>Μ.</strong></span> <span class='ocrx_word' id='word_1_198' title='bbox 497 2625 576 2690; x_wconf 87' lang='lat' dir='ltr'><strong>Noli</strong></span> <span class='ocrx_word' id='word_1_199' title='bbox 596 2645 691 2690; x_wconf 87' lang='lat' dir='ltr'><strong>nunc</strong></span> <span class='ocrx_word' id='word_1_200' title='bbox 710 2647 942 2712; x_wconf 82' lang='lat' dir='ltr'><strong>expavescere.</strong></span> <span class='ocrx_word' id='word_1_201' title='bbox 986 2627 1091 2691; x_wconf 87' lang='lat' dir='ltr'><strong>Nunc</strong></span> <span class='ocrx_word' id='word_1_202' title='bbox 1109 2647 1171 2690; x_wconf 90' lang='lat' dir='ltr'><strong>no·</strong></span> 
     </span>
     <span class='ocr_line' id='line_1_27' title="bbox 61 2707 1172 2796; baseline -0.005 -20"><span class='ocrx_word' id='word_1_203' title='bbox 61 2713 107 2776; x_wconf 81' lang='lat' dir='ltr'><strong>bia</strong></span> <span class='ocrx_word' id='word_1_204' title='bbox 127 2710 219 2776; x_wconf 83' lang='lat' dir='ltr'><strong>ratio</strong></span> <span class='ocrx_word' id='word_1_205' title='bbox 239 2710 407 2796; x_wconf 86' lang='lat' dir='ltr'><strong>sequenda</strong></span> <span class='ocrx_word' id='word_1_206' title='bbox 430 2708 492 2784; x_wconf 79' lang='lat' dir='ltr'><strong>est,</strong></span> <span class='ocrx_word' id='word_1_207' title='bbox 525 2729 610 2796; x_wconf 90' lang='lat' dir='ltr'><strong>quae</strong></span> <span class='ocrx_word' id='word_1_208' title='bbox 632 2709 690 2773; x_wconf 80' lang='lat' dir='ltr'><strong>etsi</strong></span> <span class='ocrx_word' id='word_1_209' title='bbox 709 2731 822 2774; x_wconf 85' lang='lat' dir='ltr'><strong>rerum</strong></span> <span class='ocrx_word' id='word_1_210' title='bbox 841 2708 1018 2772; x_wconf 85' lang='lat' dir='ltr'><strong>veritatem</strong></span> <span class='ocrx_word' id='word_1_211' title='bbox 1038 2707 1172 2772; x_wconf 85' lang='lat' dir='ltr'><strong>invelli-</strong></span> 
     </span>
     <span class='ocr_line' id='line_1_28' title="bbox 60 2791 1171 2893; baseline -0.004 -35"><span class='ocrx_word' id='word_1_212' title='bbox 60 2811 129 2893; x_wconf 70' lang='lat' dir='ltr'><strong>gat,</strong></span> <span class='ocrx_word' id='word_1_213' title='bbox 151 2795 317 2879; x_wconf 88' lang='lat' dir='ltr'><strong>nullaque</strong></span> <span class='ocrx_word' id='word_1_214' title='bbox 338 2791 537 2856; x_wconf 87' lang='lat' dir='ltr'><strong>auctoritate</strong></span> <span class='ocrx_word' id='word_1_215' title='bbox 560 2809 579 2856; x_wconf 92' lang='grc' dir='ltr'><strong>ο</strong></span> <span class='ocrx_word' id='word_1_216' title='bbox 605 2791 783 2878; x_wconf 85' lang='lat' dir='ltr'><strong>primitur,</strong></span> <span class='ocrx_word' id='word_1_217' title='bbox 813 2793 910 2857; x_wconf 90' lang='lat' dir='ltr'><strong>nullo</strong></span> <span class='ocrx_word' id='word_1_218' title='bbox 931 2807 1045 2856; x_wconf 88' lang='lat' dir='ltr'><strong>tamen</strong></span> <span class='ocrx_word' id='word_1_219' title='bbox 1065 2793 1171 2855; x_wconf 91' lang='lat' dir='ltr'><strong>modo</strong></span> 
     </span>
     <span class='ocr_line' id='line_1_29' title="bbox 60 2873 1171 2964; baseline -0.003 -23"><span class='ocrx_word' id='word_1_220' title='bbox 60 2876 259 2964; x_wconf 84' lang='lat' dir='ltr'><strong>ampeditur,</strong></span> <span class='ocrx_word' id='word_1_221' title='bbox 283 2895 327 2939; x_wconf 87' lang='lat' dir='ltr'><strong>ne</strong></span> <span class='ocrx_word' id='word_1_222' title='bbox 348 2895 387 2938; x_wconf 87' lang='lat' dir='ltr'><strong>ea</strong></span> <span class='ocrx_word' id='word_1_223' title='bbox 408 2895 494 2960; x_wconf 86' lang='lat' dir='ltr'><strong>quae</strong></span> <span class='ocrx_word' id='word_1_224' title='bbox 516 2889 551 2937; x_wconf 90' lang='lat' dir='ltr'><strong>et</strong></span> <span class='ocrx_word' id='word_1_225' title='bbox 597 2875 712 2939; x_wconf 91' lang='lat' dir='ltr'><strong>udiose</strong></span> <span class='ocrx_word' id='word_1_226' title='bbox 726 2873 1005 2939; x_wconf 86' lang='lat' dir='ltr'><strong>ratiocinantium</strong></span> <span class='ocrx_word' id='word_1_227' title='bbox 1023 2873 1171 2938; x_wconf 75' lang='lat' dir='ltr'><strong>ambitur</strong></span> 
     </span>
     <span class='ocr_line' id='line_1_30' title="bbox 62 2955 1173 3058; baseline -0.002 -34"><span class='ocrx_word' id='word_1_228' title='bbox 62 2959 220 3058; x_wconf 75' lang='lat' dir='ltr'><strong>inquirit,</strong></span> <span class='ocrx_word' id='word_1_229' title='bbox 251 2973 285 3022; x_wconf 90' lang='lat' dir='ltr'><strong>et</strong></span> <span class='ocrx_word' id='word_1_230' title='bbox 304 2955 468 3023; x_wconf 82' lang='lat' dir='ltr'><strong>laboriose</strong></span> <span class='ocrx_word' id='word_1_231' title='bbox 489 2955 637 3034; x_wconf 84' lang='lat' dir='ltr'><strong>invenit,</strong></span> <span class='ocrx_word' id='word_1_232' title='bbox 666 2956 803 3044; x_wconf 90' lang='lat' dir='ltr'><strong>publice</strong></span> <span class='ocrx_word' id='word_1_233' title='bbox 824 2955 953 3044; x_wconf 82' lang='lat' dir='ltr'><strong>aperiat</strong></span> <span class='ocrx_word' id='word_1_234' title='bbox 972 2964 1073 3044; x_wconf 81' lang='lat' dir='ltr'><strong>atque</strong></span> <span class='ocrx_word' id='word_1_235' title='bbox 1092 2976 1173 3042; x_wconf 90' lang='lat' dir='ltr'><strong>pro·</strong></span> 
     </span>
     <span class='ocr_line' id='line_1_31' title="bbox 60 3059 1173 3265; baseline -0.004 -75"><span class='ocrx_word' id='word_1_236' title='bbox 60 3059 345 3196; x_wconf 57' lang='lat' dir='ltr'><strong>nunfiqetsmw</strong></span> <span class='ocrx_word' id='word_1_237' title='bbox 365 3121 528 3210; x_wconf 86' lang='lat' dir='ltr'><strong>siquidem</strong></span> <span class='ocrx_word' id='word_1_238' title='bbox 550 3121 742 3208; x_wconf 75' lang='lat' dir='ltr'><strong>scripturae</strong></span> <span class='ocrx_word' id='word_1_239' title='bbox 761 3119 799 3186; x_wconf 91' lang='lat' dir='ltr'><strong>in</strong></span> <span class='ocrx_word' id='word_1_240' title='bbox 822 3118 980 3185; x_wconf 87' lang='lat' dir='ltr'><strong>omnibue</strong></span> <span class='ocrx_word' id='word_1_241' title='bbox 1003 3119 1173 3265; x_wconf 76' lang='lat' dir='ltr'><strong>sequenda</strong></span> 
     </span>
     <span class='ocr_line' id='line_1_32' title="bbox 64 3200 1171 3294; baseline -0.007 -20"><span class='ocrx_word' id='word_1_242' title='bbox 64 3210 103 3274; x_wconf 75' lang='lat' dir='ltr'><strong>est</strong></span> <span class='ocrx_word' id='word_1_243' title='bbox 122 3208 326 3282; x_wconf 75' lang='lat' dir='ltr'><strong>auctoritate,</strong></span> <span class='ocrx_word' id='word_1_244' title='bbox 349 3229 454 3294; x_wconf 90' lang='lat' dir='ltr'><strong>quum</strong></span> <span class='ocrx_word' id='word_1_245' title='bbox 476 3205 513 3268; x_wconf 93' lang='lat' dir='ltr'><strong>in</strong></span> <span class='ocrx_word' id='word_1_246' title='bbox 536 3227 573 3270; x_wconf 88' lang='lat' dir='ltr'><strong>ea</strong></span> <span class='ocrx_word' id='word_1_247' title='bbox 592 3205 701 3269; x_wconf 89' lang='lat' dir='ltr'><strong>veluti</strong></span> <span class='ocrx_word' id='word_1_248' title='bbox 724 3203 925 3290; x_wconf 74' lang='lat' dir='ltr'><strong>quibusdam</strong></span> <span class='ocrx_word' id='word_1_249' title='bbox 944 3201 1013 3266; x_wconf 86' lang='lat' dir='ltr'><strong>suia</strong></span> <span class='ocrx_word' id='word_1_250' title='bbox 1051 3200 1171 3266; x_wconf 80' lang='lat' dir='ltr'><strong>ceretio</strong></span> 
     </span>
     <span class='ocr_line' id='line_1_33' title="bbox 64 3285 1169 3387; baseline -0.008 -30"><span class='ocrx_word' id='word_1_251' title='bbox 64 3293 192 3357; x_wconf 78' lang='lat' dir='ltr'><strong>sedibus</strong></span> <span class='ocrx_word' id='word_1_252' title='bbox 213 3291 337 3355; x_wconf 79' lang='lat' dir='ltr'><strong>veritae</strong></span> <span class='ocrx_word' id='word_1_253' title='bbox 358 3287 559 3387; x_wconf 66' lang='lat' dir='ltr'><strong>poffidetun</strong></span> <span class='ocrx_word' id='word_1_254' title='bbox 588 3309 659 3352; x_wconf 91' lang='lat' dir='ltr'><strong>non</strong></span> <span class='ocrx_word' id='word_1_255' title='bbox 682 3303 794 3352; x_wconf 88' lang='lat' dir='ltr'><strong>tamen</strong></span> <span class='ocrx_word' id='word_1_256' title='bbox 817 3285 865 3350; x_wconf 87' lang='lat' dir='ltr'><strong>ita</strong></span> <span class='ocrx_word' id='word_1_257' title='bbox 886 3287 1091 3384; x_wconf 82' lang='lat' dir='ltr'><strong>credendum</strong></span> <span class='ocrx_word' id='word_1_258' title='bbox 1114 3285 1169 3383; x_wconf 68' lang='lat' dir='ltr'><strong>cll,</strong></span> 
     </span>
     <span class='ocr_line' id='line_1_34' title="bbox 62 3368 1173 3540; baseline -0.005 -18"><span class='ocrx_word' id='word_1_259' title='bbox 62 3377 365 3534; x_wconf 54' lang='lat' dir='ltr'><strong>llsslallllil</strong></span> <span class='ocrx_word' id='word_1_260' title='bbox 389 3368 1173 3540; x_wconf 60' lang='lat' dir='ltr'><strong>attttsstl‘tblit.ttzttttlltl:</strong></span> 
     </span>
     <span class='ocr_line' id='line_1_35' title="bbox 64 3535 1172 3622; baseline -0.006 -15"><span class='ocrx_word' id='word_1_261' title='bbox 64 3539 354 3613; x_wconf 71' lang='lat' dir='ltr'><strong>similitudinibus,</strong></span> <span class='ocrx_word' id='word_1_262' title='bbox 382 3536 551 3622; x_wconf 73' lang='lat' dir='ltr'><strong>variisque</strong></span> <span class='ocrx_word' id='word_1_263' title='bbox 573 3538 809 3601; x_wconf 81' lang='lat' dir='ltr'><strong>translatorum</strong></span> <span class='ocrx_word' id='word_1_264' title='bbox 832 3538 1011 3599; x_wconf 88' lang='lat' dir='ltr'><strong>verborum</strong></span> <span class='ocrx_word' id='word_1_265' title='bbox 1032 3535 1089 3599; x_wconf 90' lang='lat' dir='ltr'><strong>seu</strong></span> <span class='ocrx_word' id='word_1_266' title='bbox 1109 3554 1172 3600; x_wconf 90' lang='lat' dir='ltr'><strong>no·</strong></span> 
     </span>
     <span class='ocr_line' id='line_1_36' title="bbox 63 3617 1170 3694; baseline -0.007 -5"><span class='ocrx_word' id='word_1_267' title='bbox 63 3627 192 3690; x_wconf 88' lang='lat' dir='ltr'><strong>minum</strong></span> <span class='ocrx_word' id='word_1_268' title='bbox 222 3621 332 3688; x_wconf 79' lang='lat' dir='ltr'><strong>modia</strong></span> <span class='ocrx_word' id='word_1_269' title='bbox 360 3621 486 3694; x_wconf 88' lang='lat' dir='ltr'><strong>utitur,</strong></span> <span class='ocrx_word' id='word_1_270' title='bbox 524 3617 714 3684; x_wconf 85' lang='lat' dir='ltr'><strong>infinuitati</strong></span> <span class='ocrx_word' id='word_1_271' title='bbox 734 3619 862 3683; x_wconf 84' lang='lat' dir='ltr'><strong>nostrae</strong></span> <span class='ocrx_word' id='word_1_272' title='bbox 885 3619 1170 3694; x_wconf 75' lang='lat' dir='ltr'><strong>condescendunt,</strong></span> 
     </span>
     <span class='ocr_line' id='line_1_37' title="bbox 65 3700 1172 3794; baseline -0.005 -22"><span class='ocrx_word' id='word_1_273' title='bbox 65 3710 256 3794; x_wconf 76' lang='lat' dir='ltr'><strong>nolitotque</strong></span> <span class='ocrx_word' id='word_1_274' title='bbox 285 3707 395 3769; x_wconf 88' lang='lat' dir='ltr'><strong>adhuc</strong></span> <span class='ocrx_word' id='word_1_275' title='bbox 414 3705 515 3766; x_wconf 78' lang='lat' dir='ltr'><strong>rudet</strong></span> <span class='ocrx_word' id='word_1_276' title='bbox 535 3701 775 3789; x_wconf 74' lang='lat' dir='ltr'><strong>infantilesque</strong></span> <span class='ocrx_word' id='word_1_277' title='bbox 796 3702 909 3766; x_wconf 76' lang='lat' dir='ltr'><strong>sensus</strong></span> <span class='ocrx_word' id='word_1_278' title='bbox 930 3700 1072 3788; x_wconf 87' lang='lat' dir='ltr'><strong>fimplici</strong></span> <span class='ocrx_word' id='word_1_279' title='bbox 1094 3702 1172 3766; x_wconf 89' lang='lat' dir='ltr'><strong>doc·</strong></span> 
     </span>
     <span class='ocr_line' id='line_1_38' title="bbox 65 3784 1170 3874; baseline -0.005 -18"><span class='ocrx_word' id='word_1_280' title='bbox 65 3791 152 3856; x_wconf 85' lang='lat' dir='ltr'><strong>trina</strong></span> <span class='ocrx_word' id='word_1_281' title='bbox 172 3791 219 3856; x_wconf 85' lang='lat' dir='ltr'><strong>eri</strong></span> <span class='ocrx_word' id='word_1_282' title='bbox 245 3811 318 3854; x_wconf 80' lang='lat' dir='ltr'><strong>ena.</strong></span> <span class='ocrx_word' id='word_1_283' title='bbox 367 3785 456 3852; x_wconf 79' lang='lat' dir='ltr'><strong>Audi</strong></span> <span class='ocrx_word' id='word_1_284' title='bbox 478 3787 662 3874; x_wconf 82' lang='lat' dir='ltr'><strong>apostolum</strong></span> <span class='ocrx_word' id='word_1_285' title='bbox 684 3785 871 3860; x_wconf 88' lang='lat' dir='ltr'><strong>dicentem,</strong></span> <span class='ocrx_word' id='word_1_286' title='bbox 899 3786 972 3850; x_wconf 82' lang='lat' dir='ltr'><strong>Lac</strong></span> <span class='ocrx_word' id='word_1_287' title='bbox 990 3784 1087 3848; x_wconf 81' lang='lat' dir='ltr'><strong>vobis</strong></span> <span class='ocrx_word' id='word_1_288' title='bbox 1110 3804 1170 3866; x_wconf 84' lang='lat' dir='ltr'><strong>po·</strong></span> 
     </span>
    </p>
   </div>
   <div class='ocr_carea' id='block_1_5' title="bbox 64 3865 1293 3950">
    <p class='ocr_par' dir='ltr' id='par_1_6' title="bbox 64 3865 1293 3950">
     <span class='ocr_line' id='line_1_39' title="bbox 64 3865 1293 3950; baseline -0.003 -12"><span class='ocrx_word' id='word_1_289' title='bbox 64 3889 134 3938; x_wconf 84' lang='lat' dir='ltr'><strong>tum</strong></span> <span class='ocrx_word' id='word_1_290' title='bbox 163 3877 204 3938; x_wconf 82' lang='lat' dir='ltr'><strong>de</strong></span> <span class='ocrx_word' id='word_1_291' title='bbox 230 3877 263 3950; x_wconf 86' lang='grc' dir='ltr'><strong>ἰ,·</strong></span> <span class='ocrx_word' id='word_1_292' title='bbox 293 3893 357 3936; x_wconf 84' lang='lat' dir='ltr'><strong>non</strong></span> <span class='ocrx_word' id='word_1_293' title='bbox 384 3893 501 3934; x_wconf 81' lang='lat' dir='ltr'><strong>escam.</strong></span> <span class='ocrx_word' id='word_1_294' title='bbox 544 3875 583 3936; x_wconf 89' lang='lat' dir='ltr'><strong>ln</strong></span> <span class='ocrx_word' id='word_1_295' title='bbox 605 3871 679 3934; x_wconf 88' lang='lat' dir='ltr'><strong>&#39;hoc</strong></span> <span class='ocrx_word' id='word_1_296' title='bbox 700 3868 791 3932; x_wconf 92' lang='lat' dir='ltr'><strong>enim</strong></span> <span class='ocrx_word' id='word_1_297' title='bbox 812 3865 929 3933; x_wconf 84' lang='lat' dir='ltr'><strong>divina</strong></span> <span class='ocrx_word' id='word_1_298' title='bbox 950 3867 1084 3932; x_wconf 81' lang='lat' dir='ltr'><strong>student</strong></span> <span class='ocrx_word' id='word_1_299' title='bbox 1105 3869 1172 3934; x_wconf 89' lang='lat' dir='ltr'><strong>elo·</strong></span> <span class='ocrx_word' id='word_1_300' title='bbox 1291 3937 1293 3940; x_wconf 73' lang='grc'><strong>,</strong></span> 
     </span>
    </p>
   </div>
   <div class='ocr_carea' id='block_1_6' title="bbox 67 3947 1172 4268">
    <p class='ocr_par' dir='ltr' id='par_1_7' title="bbox 67 3947 1172 4268">
     <span class='ocr_line' id='line_1_40' title="bbox 90 3947 1170 4098; baseline -0.006 -76"><span class='ocrx_word' id='word_1_301' title='bbox 90 3957 162 4035; x_wconf 84' lang='lat' dir='ltr'><strong>uir,</strong></span> <span class='ocrx_word' id='word_1_302' title='bbox 184 3973 225 4022; x_wconf 91' lang='grc' dir='ltr'><strong>ιιι</strong></span> <span class='ocrx_word' id='word_1_303' title='bbox 247 3959 289 4022; x_wconf 88' lang='lat' dir='ltr'><strong>de</strong></span> <span class='ocrx_word' id='word_1_304' title='bbox 309 3977 347 4020; x_wconf 90' lang='lat' dir='ltr'><strong>re</strong></span> <span class='ocrx_word' id='word_1_305' title='bbox 356 3951 540 4031; x_wconf 85' lang='lat' dir='ltr'><strong>ineffabili,</strong></span> <span class='ocrx_word' id='word_1_306' title='bbox 561 3951 676 4017; x_wconf 87' lang='lat' dir='ltr'><strong>incom</strong></span> <span class='ocrx_word' id='word_1_307' title='bbox 702 3949 909 4031; x_wconf 75' lang='lat' dir='ltr'><strong>rehensrbili,</strong></span> <span class='ocrx_word' id='word_1_308' title='bbox 930 3947 1170 4098; x_wconf 68' lang='lat' dir='ltr'><strong>invisibilique,</strong></span> 
     </span>
     <span class='ocr_line' id='line_1_41' title="bbox 67 4034 1172 4134; baseline -0.007 -28"><span class='ocrx_word' id='word_1_309' title='bbox 67 4041 191 4128; x_wconf 86' lang='lat' dir='ltr'><strong>aiquid</strong></span> <span class='ocrx_word' id='word_1_310' title='bbox 220 4037 320 4106; x_wconf 83' lang='lat' dir='ltr'><strong>nobie</strong></span> <span class='ocrx_word' id='word_1_311' title='bbox 350 4041 392 4103; x_wconf 91' lang='lat' dir='ltr'><strong>ad</strong></span> <span class='ocrx_word' id='word_1_312' title='bbox 421 4035 639 4134; x_wconf 77' lang='lat' dir='ltr'><strong>nutriendam</strong></span> <span class='ocrx_word' id='word_1_313' title='bbox 667 4039 768 4134; x_wconf 39' lang='lat' dir='ltr'><strong>&#39;dem</strong></span> <span class='ocrx_word' id='word_1_314' title='bbox 787 4034 932 4100; x_wconf 82' lang='lat' dir='ltr'><strong>nostram</strong></span> <span class='ocrx_word' id='word_1_315' title='bbox 952 4049 1086 4133; x_wconf 73' lang='lat' dir='ltr'><strong>qogitan</strong></span> <span class='ocrx_word' id='word_1_316' title='bbox 1112 4053 1172 4098; x_wconf 90' lang='lat' dir='ltr'><strong>um</strong></span> 
     </span>
     <span class='ocr_line' id='line_1_42' title="bbox 67 4117 1172 4268; baseline -0.012 -77"><span class='ocrx_word' id='word_1_317' title='bbox 67 4129 216 4200; x_wconf 86' lang='lat' dir='ltr'><strong>tradant,</strong></span> <span class='ocrx_word' id='word_1_318' title='bbox 248 4137 348 4221; x_wconf 84' lang='lat' dir='ltr'><strong>atque</strong></span> <span class='ocrx_word' id='word_1_319' title='bbox 368 4122 539 4186; x_wconf 86' lang='lat' dir='ltr'><strong>suadeant.</strong></span> <span class='ocrx_word' id='word_1_320' title='bbox 581 4121 755 4268; x_wconf 79' lang='lat' dir='ltr'><strong>Siquidem</strong></span> <span class='ocrx_word' id='word_1_321' title='bbox 777 4121 820 4184; x_wconf 92' lang='lat' dir='ltr'><strong>de</strong></span> <span class='ocrx_word' id='word_1_322' title='bbox 839 4121 915 4183; x_wconf 91' lang='lat' dir='ltr'><strong>Deo</strong></span> <span class='ocrx_word' id='word_1_323' title='bbox 934 4119 985 4183; x_wconf 80' lang='lat' dir='ltr'><strong>nal</strong></span> <span class='ocrx_word' id='word_1_324' title='bbox 1006 4117 1099 4183; x_wconf 85' lang='lat' dir='ltr'><strong>ahud</strong></span> <span class='ocrx_word' id='word_1_325' title='bbox 1119 4135 1172 4180; x_wconf 88' lang='lat' dir='ltr'><strong>ca-</strong></span> 
     </span>
    </p>
   </div>
   <div class='ocr_carea' id='block_1_7' title="bbox 71 4198 1172 4308">
    <p class='ocr_par' dir='ltr' id='par_1_8' title="bbox 71 4198 1172 4308">
     <span class='ocr_line' id='line_1_43' title="bbox 71 4198 1172 4308; baseline -0.009 -33"><span class='ocrx_word' id='word_1_326' title='bbox 71 4208 112 4275; x_wconf 80' lang='lat' dir='ltr'><strong>lle</strong></span> <span class='ocrx_word' id='word_1_327' title='bbox 130 4209 257 4298; x_wconf 84' lang='lat' dir='ltr'><strong>pieque</strong></span> <span class='ocrx_word' id='word_1_328' title='bbox 268 4203 488 4308; x_wconf 63' lang='lat' dir='ltr'><strong>caventibus,</strong></span> <span class='ocrx_word' id='word_1_329' title='bbox 509 4201 616 4272; x_wconf 79' lang='lat' dir='ltr'><strong>studio</strong></span> <span class='ocrx_word' id='word_1_330' title='bbox 633 4223 718 4293; x_wconf 88' lang='lat' dir='ltr'><strong>eque</strong></span> <span class='ocrx_word' id='word_1_331' title='bbox 736 4200 914 4273; x_wconf 83' lang='lat' dir='ltr'><strong>veritatem</strong></span> <span class='ocrx_word' id='word_1_332' title='bbox 934 4198 1172 4291; x_wconf 72' lang='lat' dir='ltr'><strong>quaerentibut</strong></span> 
     </span>
    </p>
   </div>
   <div class='ocr_carea' id='block_1_8' title="bbox 604 4477 789 4554">
    <p class='ocr_par' dir='ltr' id='par_1_9' title="bbox 604 4477 789 4554">
     <span class='ocr_line' id='line_1_44' title="bbox 604 4477 789 4554; baseline -0.011 -52"><span class='ocrx_word' id='word_1_333' title='bbox 604 4477 638 4538; x_wconf 61' lang='grc' dir='ltr'><strong>Ν,</strong></span> <span class='ocrx_word' id='word_1_334' title='bbox 766 4493 789 4554; x_wconf 39' lang='lat' dir='ltr'><strong>q,</strong></span> 
     </span>
    </p>
   </div>
   <div class='ocr_carea' id='block_1_9' title="bbox 0 0 1480 4824">
    <p class='ocr_par' dir='ltr' id='par_1_10' title="bbox 0 0 1480 4824">
     <span class='ocr_line' id='line_1_45' title="bbox 0 0 1480 4824; baseline 0 0"><span class='ocrx_word' id='word_1_335' title='bbox 0 0 1480 4824; x_wconf 95' lang='lat' dir='ltr'><strong> </strong></span> 
     </span>
    </p>
   </div>
  </div>
 </body>
</html>
