<?xml version="1.0" encoding="UTF-8"?>
<!DOCTYPE html PUBLIC "-//W3C//DTD XHTML 1.0 Transitional//EN"
    "http://www.w3.org/TR/xhtml1/DTD/xhtml1-transitional.dtd">
<html xmlns="http://www.w3.org/1999/xhtml" xml:lang="en" lang="en">
 <head>
  <title>
</title>
<meta http-equiv="Content-Type" content="text/html;charset=utf-8" />
  <meta name='ocr-system' content='tesseract 3.04.00' />
  <meta name='ocr-capabilities' content='ocr_page ocr_carea ocr_par ocr_line ocrx_word'/>
</head>
<body>
  <div class='ocr_page' id='page_1' title='image "./dedivisionenatu00eriggoog_0250.png"; bbox 0 0 3048 4856; ppageno 0'>
   <div class='ocr_carea' id='block_1_1' title="bbox 458 263 1213 347">
    <p class='ocr_par' dir='ltr' id='par_1_1' title="bbox 458 263 1213 347">
     <span class='ocr_line' id='line_1_1' title="bbox 458 263 1213 347; baseline 0.007 -5"><span class='ocrx_word' id='word_1_1' title='bbox 458 322 462 332; x_wconf 84' lang='lat'>.</span> <span class='ocrx_word' id='word_1_2' title='bbox 509 263 619 343; x_wconf 71' lang='lat' dir='ltr'><strong>tuter</strong></span> <span class='ocrx_word' id='word_1_3' title='bbox 642 268 798 343; x_wconf 61' lang='lat' dir='ltr'><strong>Tellus.</strong></span> <span class='ocrx_word' id='word_1_4' title='bbox 1134 271 1213 347; x_wconf 74' lang='lat'><strong>213</strong></span> 
     </span>
    </p>
   </div>
   <div class='ocr_carea' id='block_1_2' title="bbox 94 429 1209 536">
    <p class='ocr_par' dir='ltr' id='par_1_2' title="bbox 94 429 1209 536">
     <span class='ocr_line' id='line_1_2' title="bbox 94 429 1209 536; baseline 0.005 -16"><span class='ocrx_word' id='word_1_5' title='bbox 94 439 303 530; x_wconf 70' lang='lat' dir='ltr'><strong>animante</strong></span> <span class='ocrx_word' id='word_1_6' title='bbox 330 467 403 526; x_wconf 84' lang='lat' dir='ltr'><strong>erat</strong></span> <span class='ocrx_word' id='word_1_7' title='bbox 427 453 465 520; x_wconf 87' lang='lat' dir='ltr'><strong>ln</strong></span> <span class='ocrx_word' id='word_1_8' title='bbox 486 453 622 524; x_wconf 81' lang='lat' dir='ltr'><strong>iecretle</strong></span> <span class='ocrx_word' id='word_1_9' title='bbox 644 457 837 530; x_wconf 81' lang='lat' dir='ltr'><strong>terraofiva</strong></span> <span class='ocrx_word' id='word_1_10' title='bbox 857 453 994 534; x_wconf 86' lang='lat' dir='ltr'><strong>oceani,</strong></span> <span class='ocrx_word' id='word_1_11' title='bbox 1025 454 1093 522; x_wconf 82' lang='lat' dir='ltr'><strong>dre</strong></span> <span class='ocrx_word' id='word_1_12' title='bbox 1113 429 1209 536; x_wconf 71' lang='lat' dir='ltr'><strong>allbi,</strong></span> 
     </span>
    </p>
   </div>
   <div class='ocr_carea' id='block_1_3' title="bbox 93 534 1338 612">
    <p class='ocr_par' dir='ltr' id='par_1_3' title="bbox 93 534 1338 612">
     <span class='ocr_line' id='line_1_3' title="bbox 93 534 1338 612; baseline 0.006 -10"><span class='ocrx_word' id='word_1_13' title='bbox 93 537 157 604; x_wconf 90' lang='lat' dir='ltr'><strong>ubi</strong></span> <span class='ocrx_word' id='word_1_14' title='bbox 187 534 405 608; x_wconf 77' lang='lat' dir='ltr'><strong>invifibiliter</strong></span> <span class='ocrx_word' id='word_1_15' title='bbox 433 540 568 606; x_wconf 86' lang='lat' dir='ltr'><strong>latebat.</strong></span> <span class='ocrx_word' id='word_1_16' title='bbox 611 543 718 610; x_wconf 77' lang='lat' dir='ltr'><strong>Later</strong></span> <span class='ocrx_word' id='word_1_17' title='bbox 738 539 832 608; x_wconf 86' lang='lat' dir='ltr'><strong>enim</strong></span> <span class='ocrx_word' id='word_1_18' title='bbox 854 561 872 612; x_wconf 82' lang='lat' dir='ltr'><strong>a</strong></span> <span class='ocrx_word' id='word_1_19' title='bbox 891 541 1030 608; x_wconf 85' lang='lat' dir='ltr'><strong>latendo</strong></span> <span class='ocrx_word' id='word_1_20' title='bbox 1050 539 1089 606; x_wconf 89' lang='lat' dir='ltr'><strong>in</strong></span> <span class='ocrx_word' id='word_1_21' title='bbox 1109 542 1209 608; x_wconf 77' lang='lat' dir='ltr'><strong>venie</strong></span> <span class='ocrx_word' id='word_1_22' title='bbox 1335 538 1338 546; x_wconf 76' lang='grc'><strong><em>’</em></strong></span> 
     </span>
    </p>
   </div>
   <div class='ocr_carea' id='block_1_4' title="bbox 18 619 1335 2688">
    <p class='ocr_par' dir='ltr' id='par_1_4' title="bbox 18 619 1335 2688">
     <span class='ocr_line' id='line_1_4' title="bbox 94 619 1210 714; baseline 0.003 -26"><span class='ocrx_word' id='word_1_23' title='bbox 94 635 203 688; x_wconf 85' lang='lat' dir='ltr'><strong>terrae</strong></span> <span class='ocrx_word' id='word_1_24' title='bbox 233 619 383 706; x_wconf 78' lang='lat' dir='ltr'><strong>dicitur3</strong></span> <span class='ocrx_word' id='word_1_25' title='bbox 411 619 461 690; x_wconf 88' lang='lat' dir='ltr'><strong>ita</strong></span> <span class='ocrx_word' id='word_1_26' title='bbox 490 639 524 692; x_wconf 90' lang='lat' dir='ltr'><strong>et</strong></span> <span class='ocrx_word' id='word_1_27' title='bbox 551 624 686 691; x_wconf 85' lang='lat' dir='ltr'><strong>numeri</strong></span> <span class='ocrx_word' id='word_1_28' title='bbox 715 645 861 714; x_wconf 86' lang='lat' dir='ltr'><strong>quorum</strong></span> <span class='ocrx_word' id='word_1_29' title='bbox 879 623 1120 710; x_wconf 85' lang='lat' dir='ltr'><strong>multiplicatio</strong></span> <span class='ocrx_word' id='word_1_30' title='bbox 1140 625 1210 691; x_wconf 82' lang='lat' dir='ltr'><strong>five</strong></span> 
     </span>
     <span class='ocr_line' id='line_1_5' title="bbox 93 703 1254 800; baseline 0.003 -30"><span class='ocrx_word' id='word_1_31' title='bbox 93 703 181 770; x_wconf 84' lang='lat' dir='ltr'><strong>aliae</strong></span> <span class='ocrx_word' id='word_1_32' title='bbox 207 703 447 792; x_wconf 71' lang='lat' dir='ltr'><strong>proportiones</strong></span> <span class='ocrx_word' id='word_1_33' title='bbox 472 705 509 772; x_wconf 91' lang='lat' dir='ltr'><strong>in</strong></span> <span class='ocrx_word' id='word_1_34' title='bbox 529 707 714 776; x_wconf 75' lang='lat' dir='ltr'><strong>infinitum</strong></span> <span class='ocrx_word' id='word_1_35' title='bbox 744 709 938 795; x_wconf 88' lang='lat' dir='ltr'><strong>profluunt,</strong></span> <span class='ocrx_word' id='word_1_36' title='bbox 972 728 1046 773; x_wconf 90' lang='lat' dir='ltr'><strong>nou</strong></span> <span class='ocrx_word' id='word_1_37' title='bbox 1068 709 1110 773; x_wconf 92' lang='lat' dir='ltr'><strong>ab</strong></span> <span class='ocrx_word' id='word_1_38' title='bbox 1130 707 1209 794; x_wconf 81' lang='lat' dir='ltr'><strong>iplie</strong></span> <span class='ocrx_word' id='word_1_39' title='bbox 1247 783 1254 800; x_wconf 33' lang='grc' dir='ltr'>ι</span> 
     </span>
     <span class='ocr_line' id='line_1_6' title="bbox 91 785 1207 879; baseline 0.002 -25"><span class='ocrx_word' id='word_1_40' title='bbox 91 785 202 854; x_wconf 77' lang='lat' dir='ltr'><strong>finitio</strong></span> <span class='ocrx_word' id='word_1_41' title='bbox 221 787 374 853; x_wconf 83' lang='lat' dir='ltr'><strong>numeria</strong></span> <span class='ocrx_word' id='word_1_42' title='bbox 394 788 455 876; x_wconf 88' lang='lat' dir='ltr'><strong>qui</strong></span> <span class='ocrx_word' id='word_1_43' title='bbox 474 790 624 877; x_wconf 89' lang='lat' dir='ltr'><strong>primum</strong></span> <span class='ocrx_word' id='word_1_44' title='bbox 640 791 887 879; x_wconf 76' lang='lat' dir='ltr'><strong>contemplanti</strong></span> <span class='ocrx_word' id='word_1_45' title='bbox 903 790 1050 858; x_wconf 84' lang='lat' dir='ltr'><strong>animoa</strong></span> <span class='ocrx_word' id='word_1_46' title='bbox 1076 806 1207 876; x_wconf 83' lang='lat' dir='ltr'><strong>parent,</strong></span> 
     </span>
     <span class='ocr_line' id='line_1_7' title="bbox 88 813 1335 962; baseline 0.003 -26"><span class='ocrx_word' id='word_1_47' title='bbox 88 870 247 936; x_wconf 78' lang='lat' dir='ltr'><strong>sedebi</strong></span> <span class='ocrx_word' id='word_1_48' title='bbox 272 871 311 934; x_wconf 83' lang='lat' dir='ltr'><strong>t&#39;rc</strong></span> <span class='ocrx_word' id='word_1_49' title='bbox 333 871 523 940; x_wconf 74' lang='lat' dir='ltr'><strong>rationibus</strong></span> <span class='ocrx_word' id='word_1_50' title='bbox 544 875 689 941; x_wconf 79' lang='lat' dir='ltr'><strong>aeternio</strong></span> <span class='ocrx_word' id='word_1_51' title='bbox 711 891 747 941; x_wconf 89' lang='lat' dir='ltr'><strong>et</strong></span> <span class='ocrx_word' id='word_1_52' title='bbox 767 873 913 942; x_wconf 74' lang='lat' dir='ltr'><strong>infinitis</strong></span> <span class='ocrx_word' id='word_1_53' title='bbox 934 874 972 940; x_wconf 89' lang='lat' dir='ltr'><strong>in</strong></span> <span class='ocrx_word' id='word_1_54' title='bbox 992 813 1116 962; x_wconf 63' lang='lat' dir='ltr'><strong>quiEua</strong></span> <span class='ocrx_word' id='word_1_55' title='bbox 1131 895 1209 948; x_wconf 83' lang='lat' dir='ltr'><strong>oau-</strong></span> <span class='ocrx_word' id='word_1_56' title='bbox 1267 923 1269 928; x_wconf 86' lang='lat'>-</span> <span class='ocrx_word' id='word_1_57' title='bbox 1333 933 1335 940; x_wconf 82' lang='grc'>,</span> 
     </span>
     <span class='ocr_line' id='line_1_8' title="bbox 88 894 1210 1050; baseline 0.01 -33"><span class='ocrx_word' id='word_1_58' title='bbox 88 953 225 1050; x_wconf 43' lang='grc' dir='ltr'><strong>[ὤιον.</strong></span> <span class='ocrx_word' id='word_1_59' title='bbox 241 894 417 1020; x_wconf 58' lang='lat' dir='ltr'><strong>debitunt</strong></span> <span class='ocrx_word' id='word_1_60' title='bbox 450 955 619 1046; x_wconf 81' lang='lat' dir='ltr'><strong>originem</strong></span> <span class='ocrx_word' id='word_1_61' title='bbox 651 963 794 1027; x_wconf 89' lang='lat' dir='ltr'><strong>ducunt.</strong></span> <span class='ocrx_word' id='word_1_62' title='bbox 844 963 884 1025; x_wconf 92' lang='lat' dir='ltr'><strong>ln</strong></span> <span class='ocrx_word' id='word_1_63' title='bbox 914 961 1063 1024; x_wconf 82' lang='lat' dir='ltr'><strong>monade</strong></span> <span class='ocrx_word' id='word_1_64' title='bbox 1094 973 1210 1028; x_wconf 86' lang='lat' dir='ltr'><strong>autem</strong></span> 
     </span>
     <span class='ocr_line' id='line_1_9' title="bbox 87 1039 1208 1132; baseline 0.006 -31"><span class='ocrx_word' id='word_1_65' title='bbox 87 1039 191 1112; x_wconf 87' lang='lat' dir='ltr'><strong>lunt,</strong></span> <span class='ocrx_word' id='word_1_66' title='bbox 212 1057 251 1102; x_wconf 89' lang='lat' dir='ltr'><strong>m</strong></span> <span class='ocrx_word' id='word_1_67' title='bbox 271 1041 419 1104; x_wconf 85' lang='lat' dir='ltr'><strong>monade</strong></span> <span class='ocrx_word' id='word_1_68' title='bbox 440 1062 475 1105; x_wconf 89' lang='lat' dir='ltr'><strong>er</strong></span> <span class='ocrx_word' id='word_1_69' title='bbox 500 1042 670 1106; x_wconf 87' lang='lat' dir='ltr'><strong>oinfiniti</strong></span> <span class='ocrx_word' id='word_1_70' title='bbox 692 1045 788 1122; x_wconf 84' lang='lat' dir='ltr'><strong>lunt,</strong></span> <span class='ocrx_word' id='word_1_71' title='bbox 811 1063 938 1132; x_wconf 59' lang='lat' dir='ltr'><strong>euque</strong></span> <span class='ocrx_word' id='word_1_72' title='bbox 958 1041 1116 1114; x_wconf 75' lang='lat' dir='ltr'><strong>infinitae</strong></span> <span class='ocrx_word' id='word_1_73' title='bbox 1138 1063 1208 1108; x_wconf 88' lang='lat' dir='ltr'><strong>oru-</strong></span> 
     </span>
     <span class='ocr_line' id='line_1_10' title="bbox 87 1063 1214 1215; baseline 0.004 -28"><span class='ocrx_word' id='word_1_74' title='bbox 87 1119 148 1187; x_wconf 82' lang='lat' dir='ltr'><strong>nio</strong></span> <span class='ocrx_word' id='word_1_75' title='bbox 168 1139 392 1187; x_wconf 87' lang='lat' dir='ltr'><strong>numerorum</strong></span> <span class='ocrx_word' id='word_1_76' title='bbox 412 1063 527 1192; x_wconf 55' lang='lat' dir='ltr'><strong>corpur</strong></span> <span class='ocrx_word' id='word_1_77' title='bbox 548 1126 721 1212; x_wconf 77' lang='lat' dir='ltr'><strong>procedit,</strong></span> <span class='ocrx_word' id='word_1_78' title='bbox 752 1126 843 1193; x_wconf 90' lang='lat' dir='ltr'><strong>etin</strong></span> <span class='ocrx_word' id='word_1_79' title='bbox 867 1147 969 1215; x_wconf 89' lang='lat' dir='ltr'><strong>quam</strong></span> <span class='ocrx_word' id='word_1_80' title='bbox 990 1125 1122 1194; x_wconf 82' lang='lat' dir='ltr'><strong>definit.</strong></span> <span class='ocrx_word' id='word_1_81' title='bbox 1163 1128 1214 1210; x_wconf 84' lang='lat' dir='ltr'><strong>Et</strong></span> 
     </span>
     <span class='ocr_line' id='line_1_11' title="bbox 87 1202 1210 1297; baseline 0.009 -29"><span class='ocrx_word' id='word_1_82' title='bbox 87 1219 134 1268; x_wconf 87' lang='lat' dir='ltr'><strong>ut</strong></span> <span class='ocrx_word' id='word_1_83' title='bbox 150 1202 273 1284; x_wconf 85' lang='lat' dir='ltr'><strong>majori</strong></span> <span class='ocrx_word' id='word_1_84' title='bbox 295 1223 495 1291; x_wconf 75' lang='lat' dir='ltr'><strong>argumento</strong></span> <span class='ocrx_word' id='word_1_85' title='bbox 516 1225 669 1288; x_wconf 86' lang='lat' dir='ltr'><strong>utamur,</strong></span> <span class='ocrx_word' id='word_1_86' title='bbox 704 1211 873 1276; x_wconf 87' lang='lat' dir='ltr'><strong>unitatem</strong></span> <span class='ocrx_word' id='word_1_87' title='bbox 892 1231 1070 1297; x_wconf 83' lang='lat' dir='ltr'><strong>nunquam</strong></span> <span class='ocrx_word' id='word_1_88' title='bbox 1089 1209 1210 1294; x_wconf 83' lang='lat' dir='ltr'><strong>incho-</strong></span> 
     </span>
     <span class='ocr_line' id='line_1_12' title="bbox 87 1285 1209 1394; baseline 0.005 -42"><span class='ocrx_word' id='word_1_89' title='bbox 87 1287 157 1352; x_wconf 84' lang='lat' dir='ltr'><strong>ass&#39;e</strong></span> <span class='ocrx_word' id='word_1_90' title='bbox 187 1285 392 1388; x_wconf 64' lang='lat' dir='ltr'><strong>affirmanter</strong></span> <span class='ocrx_word' id='word_1_91' title='bbox 424 1290 606 1380; x_wconf 87' lang='lat' dir='ltr'><strong>diligenter</strong></span> <span class='ocrx_word' id='word_1_92' title='bbox 635 1293 884 1372; x_wconf 80' lang='lat' dir='ltr'><strong>animadverte,</strong></span> <span class='ocrx_word' id='word_1_93' title='bbox 926 1293 951 1359; x_wconf 88' lang='lat' dir='ltr'>fi</span> <span class='ocrx_word' id='word_1_94' title='bbox 977 1293 1160 1394; x_wconf 80' lang='lat' dir='ltr'><strong>unitaeque</strong></span> <span class='ocrx_word' id='word_1_95' title='bbox 1188 1305 1209 1358; x_wconf 75' lang='lat' dir='ltr'><strong>d</strong></span> 
     </span>
     <span class='ocr_line' id='line_1_13' title="bbox 85 1373 1211 1464; baseline 0.005 -26"><span class='ocrx_word' id='word_1_96' title='bbox 85 1373 230 1438; x_wconf 75' lang='lat' dir='ltr'><strong>Graecra</strong></span> <span class='ocrx_word' id='word_1_97' title='bbox 259 1373 387 1436; x_wconf 78' lang='lat' dir='ltr'><strong>ducatur</strong></span> <span class='ocrx_word' id='word_1_98' title='bbox 414 1395 551 1452; x_wconf 84' lang='lat' dir='ltr'><strong>monae,</strong></span> <span class='ocrx_word' id='word_1_99' title='bbox 582 1377 738 1444; x_wconf 89' lang='lat' dir='ltr'><strong>omnium</strong></span> <span class='ocrx_word' id='word_1_100' title='bbox 758 1399 978 1444; x_wconf 89' lang='lat' dir='ltr'><strong>numerorum</strong></span> <span class='ocrx_word' id='word_1_101' title='bbox 997 1377 1110 1464; x_wconf 77' lang='lat' dir='ltr'><strong>princi</strong></span> <span class='ocrx_word' id='word_1_102' title='bbox 1135 1375 1211 1444; x_wconf 82' lang='lat' dir='ltr'><strong>ium</strong></span> 
     </span>
     <span class='ocr_line' id='line_1_14' title="bbox 87 1400 1208 1562; baseline 0.005 -42"><span class='ocrx_word' id='word_1_103' title='bbox 87 1454 158 1532; x_wconf 77' lang='lat' dir='ltr'><strong>est,</strong></span> <span class='ocrx_word' id='word_1_104' title='bbox 174 1469 230 1551; x_wconf 45' lang='lat' dir='ltr'><strong>:et</strong></span> <span class='ocrx_word' id='word_1_105' title='bbox 255 1455 425 1534; x_wconf 87' lang='lat' dir='ltr'><strong>medium,</strong></span> <span class='ocrx_word' id='word_1_106' title='bbox 461 1473 497 1524; x_wconf 90' lang='lat' dir='ltr'><strong>et</strong></span> <span class='ocrx_word' id='word_1_107' title='bbox 522 1459 623 1537; x_wconf 79' lang='lat' dir='ltr'><strong>finis,</strong></span> <span class='ocrx_word' id='word_1_108' title='bbox 657 1465 698 1528; x_wconf 88' lang='lat' dir='ltr'><strong>ab</strong></span> <span class='ocrx_word' id='word_1_109' title='bbox 726 1461 799 1549; x_wconf 85' lang='lat' dir='ltr'><strong>ipsa</strong></span> <span class='ocrx_word' id='word_1_110' title='bbox 818 1461 983 1562; x_wconf 78' lang='lat' dir='ltr'><strong>liquidem</strong></span> <span class='ocrx_word' id='word_1_111' title='bbox 1003 1400 1208 1547; x_wconf 62' lang='lat' dir='ltr'><strong>procedunt,</strong></span> 
     </span>
     <span class='ocr_line' id='line_1_15' title="bbox 84 1537 1208 1633; baseline 0.006 -31"><span class='ocrx_word' id='word_1_112' title='bbox 84 1559 153 1626; x_wconf 89' lang='lat' dir='ltr'><strong>per</strong></span> <span class='ocrx_word' id='word_1_113' title='bbox 172 1537 280 1624; x_wconf 84' lang='lat' dir='ltr'><strong>tpl&#39;am</strong></span> <span class='ocrx_word' id='word_1_114' title='bbox 308 1555 512 1622; x_wconf 82' lang='lat' dir='ltr'><strong>morentur,</strong></span> <span class='ocrx_word' id='word_1_115' title='bbox 546 1543 652 1610; x_wconf 87' lang='lat' dir='ltr'><strong>llam</strong></span> <span class='ocrx_word' id='word_1_116' title='bbox 672 1559 814 1633; x_wconf 84' lang='lat' dir='ltr'><strong>petunt.</strong></span> <span class='ocrx_word' id='word_1_117' title='bbox 848 1568 886 1610; x_wconf 84' lang='lat' dir='ltr'><strong>an</strong></span> <span class='ocrx_word' id='word_1_118' title='bbox 907 1545 1014 1632; x_wconf 84' lang='lat' dir='ltr'><strong>ipsam</strong></span> <span class='ocrx_word' id='word_1_119' title='bbox 1039 1544 1208 1622; x_wconf 81' lang='lat' dir='ltr'><strong>defluunt,</strong></span> 
     </span>
     <span class='ocr_line' id='line_1_16' title="bbox 86 1568 1210 1716; baseline 0.003 -28"><span class='ocrx_word' id='word_1_120' title='bbox 86 1635 126 1688; x_wconf 87' lang='lat' dir='ltr'><strong>et</strong></span> <span class='ocrx_word' id='word_1_121' title='bbox 153 1641 256 1687; x_wconf 88' lang='lat' dir='ltr'><strong>uerno</strong></span> <span class='ocrx_word' id='word_1_122' title='bbox 286 1621 478 1709; x_wconf 81' lang='lat' dir='ltr'><strong>sapientum</strong></span> <span class='ocrx_word' id='word_1_123' title='bbox 508 1568 596 1694; x_wconf 57' lang='lat' dir='ltr'><strong>amEi</strong></span> <span class='ocrx_word' id='word_1_124' title='bbox 622 1628 651 1692; x_wconf 92' lang='lat' dir='ltr'><strong>it</strong></span> <span class='ocrx_word' id='word_1_125' title='bbox 676 1631 771 1716; x_wconf 87' lang='lat' dir='ltr'><strong>quod</strong></span> <span class='ocrx_word' id='word_1_126' title='bbox 798 1628 847 1694; x_wconf 89' lang='lat' dir='ltr'><strong>ita</strong></span> <span class='ocrx_word' id='word_1_127' title='bbox 866 1629 917 1694; x_wconf 87' lang='lat' dir='ltr'><strong>stt.</strong></span> <span class='ocrx_word' id='word_1_128' title='bbox 946 1630 1036 1710; x_wconf 82' lang='lat' dir='ltr'><strong>Nou</strong></span> <span class='ocrx_word' id='word_1_129' title='bbox 1059 1627 1124 1692; x_wconf 85' lang='lat' dir='ltr'><strong>alia</strong></span> <span class='ocrx_word' id='word_1_130' title='bbox 1144 1625 1210 1692; x_wconf 89' lang='lat' dir='ltr'><strong>erit</strong></span> 
     </span>
     <span class='ocr_line' id='line_1_17' title="bbox 89 1651 1210 1799; baseline 0.005 -31"><span class='ocrx_word' id='word_1_131' title='bbox 89 1701 210 1768; x_wconf 78' lang='lat' dir='ltr'><strong>attritae</strong></span> <span class='ocrx_word' id='word_1_132' title='bbox 230 1725 270 1769; x_wconf 83' lang='lat' dir='ltr'><strong>er</strong></span> <span class='ocrx_word' id='word_1_133' title='bbox 290 1727 357 1792; x_wconf 90' lang='lat' dir='ltr'><strong>qua</strong></span> <span class='ocrx_word' id='word_1_134' title='bbox 378 1710 511 1774; x_wconf 89' lang='lat' dir='ltr'><strong>numeri</strong></span> <span class='ocrx_word' id='word_1_135' title='bbox 531 1651 727 1796; x_wconf 52' lang='lat' dir='ltr'><strong>prodeunt,</strong></span> <span class='ocrx_word' id='word_1_136' title='bbox 749 1727 785 1778; x_wconf 88' lang='lat' dir='ltr'><strong>et</strong></span> <span class='ocrx_word' id='word_1_137' title='bbox 806 1712 871 1778; x_wconf 88' lang='lat' dir='ltr'><strong>alia</strong></span> <span class='ocrx_word' id='word_1_138' title='bbox 893 1733 995 1799; x_wconf 89' lang='lat' dir='ltr'><strong>quam</strong></span> <span class='ocrx_word' id='word_1_139' title='bbox 1015 1725 1151 1797; x_wconf 88' lang='lat' dir='ltr'><strong>petunt,</strong></span> <span class='ocrx_word' id='word_1_140' title='bbox 1174 1723 1210 1777; x_wconf 90' lang='lat' dir='ltr'><strong>et</strong></span> 
     </span>
     <span class='ocr_line' id='line_1_18' title="bbox 83 1786 1210 1888; baseline 0.003 -36"><span class='ocrx_word' id='word_1_141' title='bbox 83 1786 129 1852; x_wconf 85' lang='lat' dir='ltr'><strong>in</strong></span> <span class='ocrx_word' id='word_1_142' title='bbox 151 1807 251 1872; x_wconf 72' lang='lat' dir='ltr'><strong>quam</strong></span> <span class='ocrx_word' id='word_1_143' title='bbox 269 1787 458 1875; x_wconf 81' lang='lat' dir='ltr'><strong>finiuntur3</strong></span> <span class='ocrx_word' id='word_1_144' title='bbox 479 1793 537 1858; x_wconf 85' lang='lat' dir='ltr'><strong>fed</strong></span> <span class='ocrx_word' id='word_1_145' title='bbox 558 1815 627 1858; x_wconf 85' lang='lat' dir='ltr'><strong>nna</strong></span> <span class='ocrx_word' id='word_1_146' title='bbox 651 1809 754 1888; x_wconf 76' lang='lat' dir='ltr'><strong>atque</strong></span> <span class='ocrx_word' id='word_1_147' title='bbox 772 1798 893 1854; x_wconf 83' lang='lat' dir='ltr'><strong>eadem</strong></span> <span class='ocrx_word' id='word_1_148' title='bbox 914 1793 994 1876; x_wconf 82' lang='lat' dir='ltr'><strong>quia</strong></span> <span class='ocrx_word' id='word_1_149' title='bbox 1017 1795 1063 1854; x_wconf 84' lang='lat' dir='ltr'><strong>est</strong></span> <span class='ocrx_word' id='word_1_150' title='bbox 1082 1790 1210 1876; x_wconf 83' lang='lat' dir='ltr'><strong>prinei·</strong></span> 
     </span>
     <span class='ocr_line' id='line_1_19' title="bbox 18 1869 1209 1972; baseline 0.002 -38"><span class='ocrx_word' id='word_1_151' title='bbox 18 1891 21 1899; x_wconf 71' lang='grc'>’</span> <span class='ocrx_word' id='word_1_152' title='bbox 85 1869 205 1970; x_wconf 73' lang='lat' dir='ltr'><strong>pium,</strong></span> <span class='ocrx_word' id='word_1_153' title='bbox 227 1887 262 1936; x_wconf 87' lang='lat' dir='ltr'><strong>et</strong></span> <span class='ocrx_word' id='word_1_154' title='bbox 282 1871 549 1972; x_wconf 41' lang='lat' dir='ltr'><strong>finie·,eprcind·e</strong></span> <span class='ocrx_word' id='word_1_155' title='bbox 569 1893 704 1940; x_wconf 80' lang='lat' dir='ltr'><strong>numera</strong></span> <span class='ocrx_word' id='word_1_156' title='bbox 725 1895 745 1936; x_wconf 88' lang='lat' dir='ltr'><strong>u</strong></span> <span class='ocrx_word' id='word_1_157' title='bbox 766 1871 827 1938; x_wconf 81' lang='lat' dir='ltr'><strong>luo</strong></span> <span class='ocrx_word' id='word_1_158' title='bbox 842 1869 1100 1969; x_wconf 72' lang='lat' dir='ltr'><strong>progredientes</strong></span> <span class='ocrx_word' id='word_1_159' title='bbox 1115 1871 1209 1959; x_wconf 89' lang='lat' dir='ltr'><strong>prin·</strong></span> 
     </span>
     <span class='ocr_line' id='line_1_20' title="bbox 86 1955 1209 2124; baseline 0.001 -22"><span class='ocrx_word' id='word_1_160' title='bbox 86 1955 795 2124; x_wconf 56' lang='lat' dir='ltr'><strong>‘didi&#39;ai⁰iossir⁸2iti¹a¹¹irinil²⁰uiii</strong></span> <span class='ocrx_word' id='word_1_161' title='bbox 809 1957 1209 2123; x_wconf 61' lang='lat' dir='ltr'><strong>llltltttltrltt</strong></span> 
     </span>
     <span class='ocr_line' id='line_1_21' title="bbox 86 2117 1208 2206; baseline -0.001 -21"><span class='ocrx_word' id='word_1_162' title='bbox 86 2123 207 2185; x_wconf 82' lang='lat' dir='ltr'><strong>eadem</strong></span> <span class='ocrx_word' id='word_1_163' title='bbox 234 2118 373 2194; x_wconf 68' lang='lat' dir='ltr'><strong>uniunt</strong></span> <span class='ocrx_word' id='word_1_164' title='bbox 410 2139 451 2184; x_wconf 90' lang='lat' dir='ltr'><strong>ac</strong></span> <span class='ocrx_word' id='word_1_165' title='bbox 481 2141 543 2206; x_wconf 85' lang='lat' dir='ltr'><strong>per</strong></span> <span class='ocrx_word' id='word_1_166' title='bbox 573 2123 642 2186; x_wconf 91' lang='lat' dir='ltr'><strong>hoc</strong></span> <span class='ocrx_word' id='word_1_167' title='bbox 659 2117 841 2185; x_wconf 82' lang='lat' dir='ltr'><strong>necellario</strong></span> <span class='ocrx_word' id='word_1_168' title='bbox 864 2117 1047 2184; x_wconf 84' lang='lat' dir='ltr'><strong>conficitur</strong></span> <span class='ocrx_word' id='word_1_169' title='bbox 1066 2121 1151 2200; x_wconf 72' lang='lat' dir='ltr'><strong>utli</strong></span> <span class='ocrx_word' id='word_1_170' title='bbox 1167 2119 1208 2184; x_wconf 89' lang='lat' dir='ltr'><strong>in</strong></span> 
     </span>
     <span class='ocr_line' id='line_1_22' title="bbox 86 2199 1209 2290; baseline 0.002 -22"><span class='ocrx_word' id='word_1_171' title='bbox 86 2200 266 2268; x_wconf 85' lang='lat' dir='ltr'><strong>infinitum</strong></span> <span class='ocrx_word' id='word_1_172' title='bbox 290 2205 541 2290; x_wconf 83' lang='lat' dir='ltr'><strong>protendantur</strong></span> <span class='ocrx_word' id='word_1_173' title='bbox 560 2203 683 2279; x_wconf 88' lang='lat' dir='ltr'><strong>linem,</strong></span> <span class='ocrx_word' id='word_1_174' title='bbox 713 2205 753 2268; x_wconf 93' lang='lat' dir='ltr'><strong>ab</strong></span> <span class='ocrx_word' id='word_1_175' title='bbox 776 2201 915 2266; x_wconf 86' lang='lat' dir='ltr'><strong>infinito</strong></span> <span class='ocrx_word' id='word_1_176' title='bbox 939 2199 1111 2289; x_wconf 90' lang='lat' dir='ltr'><strong>principio</strong></span> <span class='ocrx_word' id='word_1_177' title='bbox 1130 2221 1209 2290; x_wconf 84' lang='lat' dir='ltr'><strong>pro·</strong></span> 
     </span>
     <span class='ocr_line' id='line_1_23' title="bbox 87 2283 1210 2382; baseline 0 -32"><span class='ocrx_word' id='word_1_178' title='bbox 87 2284 185 2352; x_wconf 89' lang='lat' dir='ltr'><strong>tendi</strong></span> <span class='ocrx_word' id='word_1_179' title='bbox 206 2283 400 2382; x_wconf 82' lang='lat' dir='ltr'><strong>incipiant3</strong></span> <span class='ocrx_word' id='word_1_180' title='bbox 431 2285 510 2352; x_wconf 87' lang='lat' dir='ltr'><strong>finia</strong></span> <span class='ocrx_word' id='word_1_181' title='bbox 531 2303 646 2352; x_wconf 89' lang='lat' dir='ltr'><strong>autem</strong></span> <span class='ocrx_word' id='word_1_182' title='bbox 666 2284 823 2352; x_wconf 80' lang='lat' dir='ltr'><strong>infinitus</strong></span> <span class='ocrx_word' id='word_1_183' title='bbox 845 2284 890 2350; x_wconf 85' lang='lat' dir='ltr'><strong>est</strong></span> <span class='ocrx_word' id='word_1_184' title='bbox 910 2284 1066 2350; x_wconf 87' lang='lat' dir='ltr'><strong>omnium</strong></span> <span class='ocrx_word' id='word_1_185' title='bbox 1089 2306 1210 2352; x_wconf 86' lang='lat' dir='ltr'><strong>nume·</strong></span> 
     </span>
     <span class='ocr_line' id='line_1_24' title="bbox 86 2367 1208 2446; baseline 0 -10"><span class='ocrx_word' id='word_1_186' title='bbox 86 2391 204 2436; x_wconf 86' lang='lat' dir='ltr'><strong>rorum</strong></span> <span class='ocrx_word' id='word_1_187' title='bbox 224 2383 339 2432; x_wconf 77' lang='lat' dir='ltr'><strong>unitae</strong></span> <span class='ocrx_word' id='word_1_188' title='bbox 360 2371 497 2446; x_wconf 88' lang='lat' dir='ltr'><strong>eadem,</strong></span> <span class='ocrx_word' id='word_1_189' title='bbox 519 2369 530 2434; x_wconf 89' lang='lat' dir='ltr'><strong>i</strong></span> <span class='ocrx_word' id='word_1_190' title='bbox 557 2369 625 2434; x_wconf 82' lang='lat' dir='ltr'><strong>‘tur</strong></span> <span class='ocrx_word' id='word_1_191' title='bbox 646 2371 690 2434; x_wconf 86' lang='lat' dir='ltr'><strong>est</strong></span> <span class='ocrx_word' id='word_1_192' title='bbox 711 2368 866 2436; x_wconf 89' lang='lat' dir='ltr'><strong>omnium</strong></span> <span class='ocrx_word' id='word_1_193' title='bbox 886 2389 1108 2435; x_wconf 87' lang='lat' dir='ltr'><strong>numerorum</strong></span> <span class='ocrx_word' id='word_1_194' title='bbox 1129 2367 1208 2436; x_wconf 83' lang='lat' dir='ltr'><strong>intl-</strong></span> 
     </span>
     <span class='ocr_line' id='line_1_25' title="bbox 85 2450 1268 2598; baseline -0.005 -80"><span class='ocrx_word' id='word_1_195' title='bbox 85 2454 202 2518; x_wconf 86' lang='lat' dir='ltr'><strong>uitum</strong></span> <span class='ocrx_word' id='word_1_196' title='bbox 221 2450 451 2598; x_wconf 63' lang='lat' dir='ltr'><strong>principium</strong></span> <span class='ocrx_word' id='word_1_197' title='bbox 473 2469 509 2518; x_wconf 91' lang='lat' dir='ltr'><strong>et</strong></span> <span class='ocrx_word' id='word_1_198' title='bbox 574 2475 692 2520; x_wconf 86' lang='lat' dir='ltr'><strong>omnee</strong></span> <span class='ocrx_word' id='word_1_199' title='bbox 714 2452 850 2519; x_wconf 89' lang='lat' dir='ltr'><strong>numeri</strong></span> <span class='ocrx_word' id='word_1_200' title='bbox 870 2453 1084 2533; x_wconf 70' lang='lat' dir='ltr'><strong>aeternaliter</strong></span> <span class='ocrx_word' id='word_1_201' title='bbox 1105 2467 1140 2518; x_wconf 90' lang='lat' dir='ltr'><strong>et</strong></span> <span class='ocrx_word' id='word_1_202' title='bbox 1155 2451 1208 2518; x_wconf 89' lang='lat' dir='ltr'><strong>in·</strong></span> <span class='ocrx_word' id='word_1_203' title='bbox 1256 2501 1268 2512; x_wconf 88' lang='lat'><strong><em>.</em></strong></span> 
     </span>
     <span class='ocr_line' id='line_1_26' title="bbox 86 2534 1207 2626; baseline 0 -24"><span class='ocrx_word' id='word_1_204' title='bbox 86 2535 340 2602; x_wconf 84' lang='lat' dir='ltr'><strong>communicabr</strong></span> <span class='ocrx_word' id='word_1_205' title='bbox 353 2534 418 2600; x_wconf 89' lang='lat' dir='ltr'><strong>iter</strong></span> <span class='ocrx_word' id='word_1_206' title='bbox 445 2537 617 2626; x_wconf 90' lang='lat' dir='ltr'><strong>principio</strong></span> <span class='ocrx_word' id='word_1_207' title='bbox 649 2539 709 2602; x_wconf 90' lang='lat' dir='ltr'><strong>luo</strong></span> <span class='ocrx_word' id='word_1_208' title='bbox 741 2536 947 2612; x_wconf 71' lang='lat' dir='ltr'><strong>subsistunt,</strong></span> <span class='ocrx_word' id='word_1_209' title='bbox 969 2534 1008 2601; x_wconf 92' lang='lat' dir='ltr'><strong>in</strong></span> <span class='ocrx_word' id='word_1_210' title='bbox 1043 2536 1114 2602; x_wconf 84' lang='lat' dir='ltr'><strong>fine</strong></span> <span class='ocrx_word' id='word_1_211' title='bbox 1144 2536 1207 2602; x_wconf 83' lang='lat' dir='ltr'><strong>suo</strong></span> 
     </span>
     <span class='ocr_line' id='line_1_27' title="bbox 85 2617 1209 2688; baseline 0 -2"><span class='ocrx_word' id='word_1_212' title='bbox 85 2618 303 2686; x_wconf 78' lang='lat' dir='ltr'><strong>aeternaliter</strong></span> <span class='ocrx_word' id='word_1_213' title='bbox 333 2632 368 2682; x_wconf 91' lang='lat' dir='ltr'><strong>et</strong></span> <span class='ocrx_word' id='word_1_214' title='bbox 393 2619 763 2688; x_wconf 73' lang='lat' dir='ltr'><strong>incommunicabiliter</strong></span> <span class='ocrx_word' id='word_1_215' title='bbox 789 2619 956 2684; x_wconf 81' lang='lat' dir='ltr'><strong>substitere</strong></span> <span class='ocrx_word' id='word_1_216' title='bbox 987 2617 1209 2686; x_wconf 80' lang='lat' dir='ltr'><strong>n‘eceffariutn</strong></span> 
     </span>
    </p>
   </div>
   <div class='ocr_carea' id='block_1_5' title="bbox 87 2702 1347 2800">
    <p class='ocr_par' dir='ltr' id='par_1_5' title="bbox 87 2702 1347 2800">
     <span class='ocr_line' id='line_1_28' title="bbox 87 2702 1347 2800; baseline -0.003 -32"><span class='ocrx_word' id='word_1_217' title='bbox 87 2704 150 2769; x_wconf 80' lang='lat' dir='ltr'><strong>elta</strong></span> <span class='ocrx_word' id='word_1_218' title='bbox 185 2717 232 2800; x_wconf 48' lang='lat' dir='ltr'><strong>et·</strong></span> <span class='ocrx_word' id='word_1_219' title='bbox 243 2703 530 2789; x_wconf 85' lang='lat' dir='ltr'><strong>quemadmodum</strong></span> <span class='ocrx_word' id='word_1_220' title='bbox 550 2726 623 2771; x_wconf 86' lang='lat' dir='ltr'><strong>non</strong></span> <span class='ocrx_word' id='word_1_221' title='bbox 643 2703 709 2768; x_wconf 87' lang='lat' dir='ltr'><strong>etit</strong></span> <span class='ocrx_word' id='word_1_222' title='bbox 728 2702 807 2770; x_wconf 88' lang='lat' dir='ltr'><strong>finia</strong></span> <span class='ocrx_word' id='word_1_223' title='bbox 828 2704 898 2768; x_wconf 89' lang='lat' dir='ltr'><strong>fine</strong></span> <span class='ocrx_word' id='word_1_224' title='bbox 920 2703 1149 2771; x_wconf 75' lang='lat' dir='ltr'><strong>desinentibus</strong></span> <span class='ocrx_word' id='word_1_225' title='bbox 1168 2703 1208 2770; x_wconf 90' lang='lat' dir='ltr'><strong>in</strong></span> <span class='ocrx_word' id='word_1_226' title='bbox 1252 2759 1261 2778; x_wconf 84' lang='grc'><em>,</em></span> <span class='ocrx_word' id='word_1_227' title='bbox 1345 2752 1347 2764; x_wconf 95' lang='grc'>.</span> 
     </span>
    </p>
   </div>
   <div class='ocr_carea' id='block_1_6' title="bbox 47 2785 1300 4126">
    <p class='ocr_par' dir='ltr' id='par_1_6' title="bbox 47 2785 1300 4040">
     <span class='ocr_line' id='line_1_29' title="bbox 87 2785 1207 2886; baseline 0 -34"><span class='ocrx_word' id='word_1_228' title='bbox 87 2807 186 2864; x_wconf 88' lang='lat' dir='ltr'><strong>eum,</strong></span> <span class='ocrx_word' id='word_1_229' title='bbox 218 2800 270 2850; x_wconf 85' lang='lat' dir='ltr'><strong>tta</strong></span> <span class='ocrx_word' id='word_1_230' title='bbox 297 2805 370 2852; x_wconf 90' lang='lat' dir='ltr'><strong>non</strong></span> <span class='ocrx_word' id='word_1_231' title='bbox 402 2787 467 2854; x_wconf 87' lang='lat' dir='ltr'><strong>erit</strong></span> <span class='ocrx_word' id='word_1_232' title='bbox 493 2787 703 2886; x_wconf 89' lang='lat' dir='ltr'><strong>principium</strong></span> <span class='ocrx_word' id='word_1_233' title='bbox 733 2788 803 2852; x_wconf 88' lang='lat' dir='ltr'><strong>fine</strong></span> <span class='ocrx_word' id='word_1_234' title='bbox 831 2785 1074 2852; x_wconf 73' lang='lat' dir='ltr'><strong>inchoantibus</strong></span> <span class='ocrx_word' id='word_1_235' title='bbox 1102 2789 1207 2852; x_wconf 88' lang='lat' dir='ltr'><strong>abeo</strong></span> 
     </span>
     <span class='ocr_line' id='line_1_30' title="bbox 87 2867 1209 2956; baseline -0.003 -20"><span class='ocrx_word' id='word_1_236' title='bbox 87 2885 172 2936; x_wconf 82' lang='lat' dir='ltr'><strong>actu</strong></span> <span class='ocrx_word' id='word_1_237' title='bbox 202 2882 238 2932; x_wconf 89' lang='lat' dir='ltr'><strong>et</strong></span> <span class='ocrx_word' id='word_1_238' title='bbox 268 2867 467 2955; x_wconf 81' lang='lat' dir='ltr'><strong>operatione</strong></span> <span class='ocrx_word' id='word_1_239' title='bbox 496 2868 745 2956; x_wconf 85' lang='lat' dir='ltr'><strong>tutelligentiae</strong></span> <span class='ocrx_word' id='word_1_240' title='bbox 798 2868 962 2944; x_wconf 85' lang='lat' dir='ltr'><strong>roficieci;</strong></span> <span class='ocrx_word' id='word_1_241' title='bbox 995 2867 1209 2936; x_wconf 84' lang='lat' dir='ltr'><strong>aeternaliter</strong></span> 
     </span>
     <span class='ocr_line' id='line_1_31' title="bbox 87 2949 1300 3040; baseline 0 -22"><span class='ocrx_word' id='word_1_242' title='bbox 87 2969 173 3040; x_wconf 82' lang='lat' dir='ltr'><strong>ergo</strong></span> <span class='ocrx_word' id='word_1_243' title='bbox 192 2949 230 3015; x_wconf 89' lang='lat' dir='ltr'><strong>in</strong></span> <span class='ocrx_word' id='word_1_244' title='bbox 250 2956 398 3018; x_wconf 85' lang='lat' dir='ltr'><strong>monade</strong></span> <span class='ocrx_word' id='word_1_245' title='bbox 419 2975 537 3020; x_wconf 73' lang='lat' dir='ltr'><strong>omnes</strong></span> <span class='ocrx_word' id='word_1_246' title='bbox 557 2950 692 3018; x_wconf 88' lang='lat' dir='ltr'><strong>numeri</strong></span> <span class='ocrx_word' id='word_1_247' title='bbox 710 2951 772 3015; x_wconf 76' lang='lat' dir='ltr'><strong>tub</strong></span> <span class='ocrx_word' id='word_1_248' title='bbox 847 2967 905 3028; x_wconf 90' lang='lat' dir='ltr'><strong>nt,</strong></span> <span class='ocrx_word' id='word_1_249' title='bbox 945 2965 981 3016; x_wconf 88' lang='lat' dir='ltr'><strong>et</strong></span> <span class='ocrx_word' id='word_1_250' title='bbox 1001 2956 1084 3018; x_wconf 89' lang='lat' dir='ltr'><strong>dum</strong></span> <span class='ocrx_word' id='word_1_251' title='bbox 1105 2955 1231 3040; x_wconf 33' lang='lat' dir='ltr'><strong>abrec·</strong></span> <span class='ocrx_word' id='word_1_252' title='bbox 1298 2967 1300 2976; x_wconf 66' lang='lat'><strong>¹</strong></span> 
     </span>
     <span class='ocr_line' id='line_1_32' title="bbox 86 3033 1209 3124; baseline 0.001 -24"><span class='ocrx_word' id='word_1_253' title='bbox 86 3035 347 3124; x_wconf 84' lang='lat' dir='ltr'><strong>profluunt‚&#39;in</strong></span> <span class='ocrx_word' id='word_1_254' title='bbox 372 3057 410 3100; x_wconf 88' lang='lat' dir='ltr'><strong>ea</strong></span> <span class='ocrx_word' id='word_1_255' title='bbox 432 3039 495 3104; x_wconf 86' lang='lat' dir='ltr'><strong>elle</strong></span> <span class='ocrx_word' id='word_1_256' title='bbox 517 3059 589 3105; x_wconf 89' lang='lat' dir='ltr'><strong>non</strong></span> <span class='ocrx_word' id='word_1_257' title='bbox 609 3037 781 3114; x_wconf 76' lang='lat' dir='ltr'><strong>desinunt,</strong></span> <span class='ocrx_word' id='word_1_258' title='bbox 804 3033 966 3122; x_wconf 84' lang='lat' dir='ltr'><strong>quoniam</strong></span> <span class='ocrx_word' id='word_1_259' title='bbox 979 3036 1209 3102; x_wconf 81' lang='lat' dir='ltr'><strong>statuminum</strong></span> 
     </span>
     <span class='ocr_line' id='line_1_33' title="bbox 86 3117 1206 3209; baseline -0.004 -23"><span class='ocrx_word' id='word_1_260' title='bbox 86 3119 279 3186; x_wconf 80' lang='lat' dir='ltr'><strong>naturalem</strong></span> <span class='ocrx_word' id='word_1_261' title='bbox 301 3119 450 3186; x_wconf 81' lang='lat' dir='ltr'><strong>deierare</strong></span> <span class='ocrx_word' id='word_1_262' title='bbox 471 3143 544 3188; x_wconf 90' lang='lat' dir='ltr'><strong>non</strong></span> <span class='ocrx_word' id='word_1_263' title='bbox 566 3121 720 3209; x_wconf 78' lang='lat' dir='ltr'><strong>poliunt,</strong></span> <span class='ocrx_word' id='word_1_264' title='bbox 742 3141 822 3184; x_wconf 89' lang='lat' dir='ltr'><strong>nam</strong></span> <span class='ocrx_word' id='word_1_265' title='bbox 838 3118 905 3184; x_wconf 80' lang='lat' dir='ltr'><strong>five</strong></span> <span class='ocrx_word' id='word_1_266' title='bbox 922 3118 1023 3183; x_wconf 87' lang='lat' dir='ltr'><strong>multi</strong></span> <span class='ocrx_word' id='word_1_267' title='bbox 1046 3117 1206 3196; x_wconf 87' lang='lat' dir='ltr'><strong>licentur,</strong></span> 
     </span>
     <span class='ocr_line' id='line_1_34' title="bbox 86 3143 1210 3280; baseline -0.004 -9"><span class='ocrx_word' id='word_1_268' title='bbox 86 3205 155 3272; x_wconf 84' lang='lat' dir='ltr'><strong>lire</strong></span> <span class='ocrx_word' id='word_1_269' title='bbox 177 3203 405 3280; x_wconf 78' lang='lat' dir='ltr'><strong>resolvantur,</strong></span> <span class='ocrx_word' id='word_1_270' title='bbox 437 3208 477 3270; x_wconf 86' lang='lat' dir='ltr'><strong>ab</strong></span> <span class='ocrx_word' id='word_1_271' title='bbox 498 3229 539 3274; x_wconf 79' lang='lat' dir='ltr'><strong>,ea</strong></span> <span class='ocrx_word' id='word_1_272' title='bbox 559 3204 728 3280; x_wconf 88' lang='lat' dir='ltr'><strong>veniunt,</strong></span> <span class='ocrx_word' id='word_1_273' title='bbox 762 3218 798 3268; x_wconf 89' lang='lat' dir='ltr'><strong>et</strong></span> <span class='ocrx_word' id='word_1_274' title='bbox 819 3201 859 3266; x_wconf 87' lang='lat' dir='ltr'><strong>in</strong></span> <span class='ocrx_word' id='word_1_275' title='bbox 881 3221 956 3266; x_wconf 89' lang='lat' dir='ltr'><strong>eam</strong></span> <span class='ocrx_word' id='word_1_276' title='bbox 974 3143 1139 3278; x_wconf 58' lang='lat' dir='ltr'><strong>redeunt,</strong></span> <span class='ocrx_word' id='word_1_277' title='bbox 1160 3201 1210 3266; x_wconf 84' lang='lat' dir='ltr'><strong>le·</strong></span> 
     </span>
     <span class='ocr_line' id='line_1_35' title="bbox 88 3285 1207 3377; baseline -0.004 -23"><span class='ocrx_word' id='word_1_278' title='bbox 88 3289 243 3354; x_wconf 87' lang='lat' dir='ltr'><strong>cundum</strong></span> <span class='ocrx_word' id='word_1_279' title='bbox 263 3307 301 3352; x_wconf 92' lang='lat' dir='ltr'><strong>re</strong></span> <span class='ocrx_word' id='word_1_280' title='bbox 348 3290 396 3354; x_wconf 84' lang='lat' dir='ltr'><strong>lae</strong></span> <span class='ocrx_word' id='word_1_281' title='bbox 418 3287 618 3377; x_wconf 72' lang='lat' dir='ltr'><strong>discipliuae</strong></span> <span class='ocrx_word' id='word_1_282' title='bbox 639 3307 724 3374; x_wconf 85' lang='lat' dir='ltr'><strong>quae</strong></span> <span class='ocrx_word' id='word_1_283' title='bbox 743 3307 861 3352; x_wconf 89' lang='lat' dir='ltr'><strong>eorum</strong></span> <span class='ocrx_word' id='word_1_284' title='bbox 877 3285 1027 3354; x_wconf 86' lang='lat' dir='ltr'><strong>rationee</strong></span> <span class='ocrx_word' id='word_1_285' title='bbox 1041 3286 1207 3352; x_wconf 86' lang='lat' dir='ltr'><strong>intuetur.</strong></span> 
     </span>
     <span class='ocr_line' id='line_1_36' title="bbox 87 3368 1208 3458; baseline -0.004 -20"><span class='ocrx_word' id='word_1_286' title='bbox 87 3375 133 3438; x_wconf 81' lang='lat' dir='ltr'><strong>At</strong></span> <span class='ocrx_word' id='word_1_287' title='bbox 160 3371 186 3436; x_wconf 86' lang='lat' dir='ltr'>fi</span> <span class='ocrx_word' id='word_1_288' title='bbox 213 3368 304 3437; x_wconf 89' lang='lat' dir='ltr'><strong>itae</strong></span> <span class='ocrx_word' id='word_1_289' title='bbox 337 3417 346 3449; x_wconf 90' lang='lat'><strong>,</strong></span> <span class='ocrx_word' id='word_1_290' title='bbox 381 3375 484 3440; x_wconf 88' lang='lat' dir='ltr'><strong>nem&#39;o</strong></span> <span class='ocrx_word' id='word_1_291' title='bbox 505 3373 569 3455; x_wconf 82' lang='lat' dir='ltr'><strong>nili</strong></span> <span class='ocrx_word' id='word_1_292' title='bbox 589 3372 771 3458; x_wconf 76' lang='lat' dir='ltr'><strong>impudens</strong></span> <span class='ocrx_word' id='word_1_293' title='bbox 791 3369 1021 3446; x_wconf 87' lang='lat' dir='ltr'><strong>contradicet,</strong></span> <span class='ocrx_word' id='word_1_294' title='bbox 1053 3385 1208 3436; x_wconf 78' lang='lat' dir='ltr'><strong>aeternos</strong></span> 
     </span>
     <span class='ocr_line' id='line_1_37' title="bbox 62 3450 1209 3540; baseline -0.003 -19"><span class='ocrx_word' id='word_1_295' title='bbox 62 3454 127 3521; x_wconf 87' lang='lat' dir='ltr'><strong>&#39;in</strong></span> <span class='ocrx_word' id='word_1_296' title='bbox 155 3451 291 3520; x_wconf 87' lang='lat' dir='ltr'><strong>unitate</strong></span> <span class='ocrx_word' id='word_1_297' title='bbox 319 3477 480 3524; x_wconf 76' lang='lat' dir='ltr'><strong>numeror</strong></span> <span class='ocrx_word' id='word_1_298' title='bbox 514 3455 582 3522; x_wconf 84' lang='lat' dir='ltr'><strong>luia</strong></span> <span class='ocrx_word' id='word_1_299' title='bbox 609 3453 799 3520; x_wconf 75' lang='lat' dir='ltr'><strong>rationibus</strong></span> <span class='ocrx_word' id='word_1_300' title='bbox 824 3451 1010 3540; x_wconf 80' lang='lat' dir='ltr'><strong>labilitere3</strong></span> <span class='ocrx_word' id='word_1_301' title='bbox 1041 3468 1077 3520; x_wconf 91' lang='lat' dir='ltr'><strong>et</strong></span> <span class='ocrx_word' id='word_1_302' title='bbox 1106 3450 1209 3539; x_wconf 85' lang='lat' dir='ltr'><strong>fiquie</strong></span> 
     </span>
     <span class='ocr_line' id='line_1_38' title="bbox 88 3535 1209 3628; baseline -0.001 -24"><span class='ocrx_word' id='word_1_303' title='bbox 88 3539 246 3604; x_wconf 75' lang='lat' dir='ltr'><strong>intentur</strong></span> <span class='ocrx_word' id='word_1_304' title='bbox 276 3540 354 3628; x_wconf 84' lang='lat' dir='ltr'><strong>pers</strong></span> <span class='ocrx_word' id='word_1_305' title='bbox 376 3539 501 3616; x_wconf 87' lang='lat' dir='ltr'><strong>exerit,</strong></span> <span class='ocrx_word' id='word_1_306' title='bbox 530 3539 618 3626; x_wconf 83' lang='lat' dir='ltr'><strong>ipsae</strong></span> <span class='ocrx_word' id='word_1_307' title='bbox 638 3536 787 3602; x_wconf 73' lang='lat' dir='ltr'><strong>rationes</strong></span> <span class='ocrx_word' id='word_1_308' title='bbox 808 3535 1028 3624; x_wconf 81' lang='lat' dir='ltr'><strong>sempiternae</strong></span> <span class='ocrx_word' id='word_1_309' title='bbox 1049 3535 1113 3602; x_wconf 82' lang='lat' dir='ltr'><strong>effe</strong></span> <span class='ocrx_word' id='word_1_310' title='bbox 1135 3556 1209 3603; x_wconf 90' lang='lat' dir='ltr'><strong>non</strong></span> 
     </span>
     <span class='ocr_line' id='line_1_39' title="bbox 90 3563 1211 3707; baseline -0.004 -19"><span class='ocrx_word' id='word_1_311' title='bbox 90 3619 273 3688; x_wconf 83' lang='lat' dir='ltr'><strong>dubitabit.</strong></span> <span class='ocrx_word' id='word_1_312' title='bbox 315 3563 373 3689; x_wconf 77' lang='grc' dir='ltr'><strong>ΜΡ</strong></span> <span class='ocrx_word' id='word_1_313' title='bbox 400 3623 641 3691; x_wconf 78' lang='lat' dir='ltr'><strong>Aritbmeticae</strong></span> <span class='ocrx_word' id='word_1_314' title='bbox 671 3619 873 3707; x_wconf 74' lang='lat' dir='ltr'><strong>disciplinae</strong></span> <span class='ocrx_word' id='word_1_315' title='bbox 896 3643 968 3687; x_wconf 88' lang='lat' dir='ltr'><strong>non</strong></span> <span class='ocrx_word' id='word_1_316' title='bbox 995 3619 1154 3706; x_wconf 83' lang='lat' dir='ltr'><strong>ignarum</strong></span> <span class='ocrx_word' id='word_1_317' title='bbox 1173 3634 1211 3684; x_wconf 90' lang='lat' dir='ltr'><strong>te</strong></span> 
     </span>
     <span class='ocr_line' id='line_1_40' title="bbox 90 3703 1291 3804; baseline -0.002 -32"><span class='ocrx_word' id='word_1_318' title='bbox 90 3707 156 3772; x_wconf 84' lang='lat' dir='ltr'><strong>elle</strong></span> <span class='ocrx_word' id='word_1_319' title='bbox 175 3704 255 3793; x_wconf 82' lang='lat' dir='ltr'><strong>peri</strong></span> <span class='ocrx_word' id='word_1_320' title='bbox 276 3704 367 3784; x_wconf 85' lang='lat' dir='ltr'><strong>icio,</strong></span> <span class='ocrx_word' id='word_1_321' title='bbox 394 3712 559 3774; x_wconf 74' lang='lat' dir='ltr'><strong>hactenus</strong></span> <span class='ocrx_word' id='word_1_322' title='bbox 581 3705 674 3772; x_wconf 89' lang='lat' dir='ltr'><strong>enim</strong></span> <span class='ocrx_word' id='word_1_323' title='bbox 696 3705 862 3793; x_wconf 88' lang='lat' dir='ltr'><strong>quicquid</strong></span> <span class='ocrx_word' id='word_1_324' title='bbox 880 3724 899 3768; x_wconf 88' lang='lat' dir='ltr'><strong>a</strong></span> <span class='ocrx_word' id='word_1_325' title='bbox 922 3719 956 3769; x_wconf 92' lang='lat' dir='ltr'><strong>te</strong></span> <span class='ocrx_word' id='word_1_326' title='bbox 978 3706 1023 3778; x_wconf 82' lang='lat' dir='ltr'><strong>de</strong></span> <span class='ocrx_word' id='word_1_327' title='bbox 1041 3703 1113 3804; x_wconf 82' lang='lat' dir='ltr'><strong>ipsa</strong></span> <span class='ocrx_word' id='word_1_328' title='bbox 1131 3723 1210 3790; x_wconf 87' lang='lat' dir='ltr'><strong>pro·</strong></span> <span class='ocrx_word' id='word_1_329' title='bbox 1283 3771 1291 3782; x_wconf 75' lang='grc'><strong><em>,</em></strong></span> 
     </span>
     <span class='ocr_line' id='line_1_41' title="bbox 88 3785 1211 3879; baseline -0.005 -23"><span class='ocrx_word' id='word_1_330' title='bbox 88 3793 239 3856; x_wconf 83' lang='lat' dir='ltr'><strong>latume</strong></span> <span class='ocrx_word' id='word_1_331' title='bbox 271 3837 283 3868; x_wconf 95' lang='lat'><strong>,</strong></span> <span class='ocrx_word' id='word_1_332' title='bbox 321 3792 507 3860; x_wconf 65' lang='lat' dir='ltr'><strong>venratio</strong></span> <span class='ocrx_word' id='word_1_333' title='bbox 526 3789 719 3879; x_wconf 89' lang='lat' dir='ltr'><strong>praedicat,</strong></span> <span class='ocrx_word' id='word_1_334' title='bbox 753 3807 794 3854; x_wconf 87' lang='lat' dir='ltr'><strong>ac</strong></span> <span class='ocrx_word' id='word_1_335' title='bbox 812 3788 913 3853; x_wconf 86' lang='lat' dir='ltr'><strong>ficet</strong></span> <span class='ocrx_word' id='word_1_336' title='bbox 932 3809 1006 3854; x_wconf 90' lang='lat' dir='ltr'><strong>non</strong></span> <span class='ocrx_word' id='word_1_337' title='bbox 1028 3791 1126 3858; x_wconf 77' lang='lat' dir='ltr'><strong>aliter</strong></span> <span class='ocrx_word' id='word_1_338' title='bbox 1146 3785 1211 3854; x_wconf 81' lang='lat' dir='ltr'><strong>effe</strong></span> 
     </span>
     <span class='ocr_line' id='line_1_42' title="bbox 91 3868 1210 3952; baseline -0.004 -10"><span class='ocrx_word' id='word_1_339' title='bbox 91 3873 292 3952; x_wconf 71' lang='lat' dir='ltr'><strong>confirmata</strong></span> <span class='ocrx_word' id='word_1_340' title='bbox 322 3875 381 3942; x_wconf 91' lang='lat' dir='ltr'><strong>led</strong></span> <span class='ocrx_word' id='word_1_341' title='bbox 405 3891 448 3942; x_wconf 90' lang='lat' dir='ltr'><strong>ut</strong></span> <span class='ocrx_word' id='word_1_342' title='bbox 476 3875 605 3943; x_wconf 81' lang='lat' dir='ltr'><strong>firmina</strong></span> <span class='ocrx_word' id='word_1_343' title='bbox 636 3877 680 3942; x_wconf 91' lang='lat' dir='ltr'><strong>de</strong></span> <span class='ocrx_word' id='word_1_344' title='bbox 711 3892 932 3942; x_wconf 87' lang='lat' dir='ltr'><strong>numeromm</strong></span> <span class='ocrx_word' id='word_1_345' title='bbox 953 3871 1151 3938; x_wconf 88' lang='lat' dir='ltr'><strong>aeternitate</strong></span> <span class='ocrx_word' id='word_1_346' title='bbox 1170 3868 1210 3938; x_wconf 91' lang='lat' dir='ltr'><strong>iu</strong></span> 
     </span>
     <span class='ocr_line' id='line_1_43' title="bbox 47 3956 1211 4040; baseline -0.006 -16"><span class='ocrx_word' id='word_1_347' title='bbox 47 4035 53 4040; x_wconf 24' lang='lat'>⁸</span> <span class='ocrx_word' id='word_1_348' title='bbox 91 3959 241 4024; x_wconf 84' lang='lat' dir='ltr'><strong>monade</strong></span> <span class='ocrx_word' id='word_1_349' title='bbox 294 3961 468 4038; x_wconf 85' lang='lat' dir='ltr'><strong>erdoceae,</strong></span> <span class='ocrx_word' id='word_1_350' title='bbox 502 3981 620 4026; x_wconf 86' lang='lat' dir='ltr'><strong>corum</strong></span> <span class='ocrx_word' id='word_1_351' title='bbox 646 3956 796 4024; x_wconf 75' lang='lat' dir='ltr'><strong>rationes</strong></span> <span class='ocrx_word' id='word_1_352' title='bbox 848 3976 908 4022; x_wconf 85' lang='lat' dir='ltr'><strong>uae</strong></span> <span class='ocrx_word' id='word_1_353' title='bbox 937 3971 1087 4022; x_wconf 82' lang='lat' dir='ltr'><strong>aeternae</strong></span> <span class='ocrx_word' id='word_1_354' title='bbox 1108 3963 1211 4040; x_wconf 83' lang='lat' dir='ltr'><strong>atque</strong></span> 
     </span>
    </p>

    <p class='ocr_par' dir='ltr' id='par_1_7' title="bbox 92 3982 1210 4126">
     <span class='ocr_line' id='line_1_44' title="bbox 92 3982 1210 4126; baseline -0.008 -18"><span class='ocrx_word' id='word_1_355' title='bbox 92 3982 359 4110; x_wconf 47' lang='lat' dir='ltr'><strong>iuumnerazilea</strong></span> <span class='ocrx_word' id='word_1_356' title='bbox 390 4041 499 4110; x_wconf 75' lang='lat' dir='ltr'><strong>alferio</strong></span> <span class='ocrx_word' id='word_1_357' title='bbox 522 4043 605 4120; x_wconf 83' lang='lat' dir='ltr'><strong>elle,</strong></span> <span class='ocrx_word' id='word_1_358' title='bbox 636 4041 783 4107; x_wconf 85' lang='lat' dir='ltr'><strong>breviter</strong></span> <span class='ocrx_word' id='word_1_359' title='bbox 805 4059 823 4104; x_wconf 91' lang='lat' dir='ltr'><strong>e</strong></span> <span class='ocrx_word' id='word_1_360' title='bbox 850 4039 857 4056; x_wconf 87' lang='lat'>&#39;</span> <span class='ocrx_word' id='word_1_361' title='bbox 886 4062 942 4106; x_wconf 89' lang='lat' dir='ltr'><strong>ere</strong></span> <span class='ocrx_word' id='word_1_362' title='bbox 962 4056 1063 4126; x_wconf 89' lang='lat' dir='ltr'><strong>atque</strong></span> <span class='ocrx_word' id='word_1_363' title='bbox 1083 4053 1210 4126; x_wconf 88' lang='lat' dir='ltr'><strong>aperte.</strong></span> 
     </span>
    </p>
   </div>
   <div class='ocr_carea' id='block_1_7' title="bbox 92 4118 1211 4279">
    <p class='ocr_par' dir='ltr' id='par_1_8' title="bbox 92 4118 1211 4279">
     <span class='ocr_line' id='line_1_45' title="bbox 92 4118 1211 4279; baseline -0.008 -89"><span class='ocrx_word' id='word_1_364' title='bbox 92 4129 138 4190; x_wconf 90' lang='lat' dir='ltr'><strong>D.</strong></span> <span class='ocrx_word' id='word_1_365' title='bbox 160 4124 273 4192; x_wconf 87' lang='lat' dir='ltr'><strong>Prima</strong></span> <span class='ocrx_word' id='word_1_366' title='bbox 293 4151 334 4215; x_wconf 89' lang='lat' dir='ltr'><strong>pr</strong></span> <span class='ocrx_word' id='word_1_367' title='bbox 334 4125 474 4279; x_wconf 63' lang='lat' dir='ltr'><strong>aprestio</strong></span> <span class='ocrx_word' id='word_1_368' title='bbox 495 4147 715 4199; x_wconf 83' lang='lat' dir='ltr'><strong>numerorum</strong></span> <span class='ocrx_word' id='word_1_369' title='bbox 736 4124 781 4192; x_wconf 69' lang='lat' dir='ltr'><strong>eit</strong></span> <span class='ocrx_word' id='word_1_370' title='bbox 802 4145 821 4188; x_wconf 84' lang='lat' dir='ltr'><strong>a</strong></span> <span class='ocrx_word' id='word_1_371' title='bbox 843 4126 1008 4200; x_wconf 90' lang='lat' dir='ltr'><strong>monade,</strong></span> <span class='ocrx_word' id='word_1_372' title='bbox 1042 4139 1077 4189; x_wconf 94' lang='lat' dir='ltr'><strong>et</strong></span> <span class='ocrx_word' id='word_1_373' title='bbox 1096 4118 1211 4188; x_wconf 88' lang='lat' dir='ltr'><strong>multi-</strong></span> 
     </span>
    </p>
   </div>
   <div class='ocr_carea' id='block_1_8' title="bbox 85 4198 1209 4310">
    <p class='ocr_par' dir='ltr' id='par_1_9' title="bbox 85 4198 1209 4310">
     <span class='ocr_line' id='line_1_46' title="bbox 85 4198 1209 4310; baseline 0.003 -34"><span class='ocrx_word' id='word_1_374' title='bbox 85 4207 334 4310; x_wconf 28' lang='lat' dir='ltr'><strong>·pliottioniea</strong></span> <span class='ocrx_word' id='word_1_375' title='bbox 372 4211 503 4302; x_wconf 86' lang='lat' dir='ltr'><strong>picium</strong></span> <span class='ocrx_word' id='word_1_376' title='bbox 524 4209 623 4288; x_wconf 81' lang='grc' dir='ltr'><strong>Δυᾶς</strong></span> <span class='ocrx_word' id='word_1_377' title='bbox 643 4211 734 4280; x_wconf 89' lang='lat' dir='ltr'><strong>idem</strong></span> <span class='ocrx_word' id='word_1_378' title='bbox 754 4206 917 4286; x_wconf 74' lang='lat' dir='ltr'><strong>binarius,</strong></span> <span class='ocrx_word' id='word_1_379' title='bbox 930 4203 1088 4286; x_wconf 78' lang='lat' dir='ltr'><strong>fecunda,</strong></span> <span class='ocrx_word' id='word_1_380' title='bbox 1100 4198 1209 4296; x_wconf 68' lang='grc' dir='ltr'><strong><em>τριὰς,</em></strong></span> 
     </span>
    </p>
   </div>
   <div class='ocr_carea' id='block_1_9' title="bbox 0 0 1529 4856">
    <p class='ocr_par' dir='ltr' id='par_1_10' title="bbox 0 0 1529 4856">
     <span class='ocr_line' id='line_1_47' title="bbox 0 0 1529 4856; baseline 0 0"><span class='ocrx_word' id='word_1_381' title='bbox 0 0 1529 4856; x_wconf 95' lang='lat' dir='ltr'><strong> </strong></span> 
     </span>
    </p>
   </div>
  </div>
 </body>
</html>
