3048 4856
548 193 836 274 maroam.
1177 165 1357 278 raa*

134 377 205 477 hoe
224 377 286 478 est,
307 399 368 466 per
387 379 636 453 universitatem
659 383 699 456 ab
720 383 793 474 ipsa
813 378 1003 464 conditam,
1024 405 1113 478 quus
1133 387 1249 456 ineffa-

135 460 215 527 brlrs
238 461 369 528 drlsulio
391 479 425 528 et
445 465 528 530 facit
547 468 683 545 omnia,
707 485 742 544 et
763 468 803 534 lit
822 469 860 539 in
879 467 1055 544 omnibus,
1068 485 1114 536 'et
1133 474 1250 540 omnia

134 545 190 608 est.
232 549 276 610 D.
304 545 485 612 Sufficiunt
518 551 614 628 sane,
646 569 680 617 et
701 552 842 638 copiose
860 554 1004 618 affluunt
1024 551 1061 622 itt
1084 572 1249 640 quantum

132 649 187 693 res
208 625 390 696 ineffabilis
412 632 617 718 quibusdam
632 635 908 702 similitudinibus
932 636 996 701 fari
1017 638 1142 723 potest,
1166 638 1248 714 dum

120 713 177 776 ·ab
198 713 295 778 omni
315 713 534 781 fimilitudine
554 735 684 784 remota
704 720 760 784 fita
789 719 960 818 praedicta
979 719 1141 806 siquidem
1162 721 1248 788 simi-

133 793 263 870 litudo,
297 819 398 895 quam
427 801 573 887 exempli
599 803 705 890 gratia
726 805 767 868 ab
788 805 965 868 rntellectu
985 803 1173 890 suscepisti,
1208 805 1246 871 in

132 879 202 976 hoc
224 877 358 956 delicat,
390 896 431 945 ut
452 883 592 982 opinor,
627 889 667 950 ab
689 905 728 952 ea
751 891 846 966 cujus
866 886 1049 952 similitudo
1073 888 1132 964 est,
1155 891 1247 975 quod

131 964 349 1062 intellectus,
377 980 421 1062 ut
449 966 550 1046 dreis,
582 969 739 1034 vehicula
759 969 816 1034 illa
836 969 873 1033 in
894 969 1019 1057 quibus
1038 971 1081 1035 ad
1104 972 1247 1038 aliorum

130 1043 246 1110 sensus
268 1047 465 1127 invehitur,
495 1051 536 1114 de
556 1053 695 1117 materia
717 1068 808 1117 extra
828 1055 862 1118 se
883 1068 1011 1130 creata,
1035 1053 1189 1132 etfacit,
1212 1071 1247 1121 et

130 1128 295 1216 suscipit3
350 1129 466 1198 divina
501 1155 583 1199 vero
618 1135 752 1201 bonitas
791 1153 882 1202 extra
921 1157 1023 1224 quarn
1062 1137 1151 1202 nihil
1190 1135 1244 1214 est,

128 1234 204 1362 plion
231 1216 291 1360 'qu
305 1213 418 1301 aliquo
443 1217 667 1304 ‘apparitionis
698 1221 775 1284 suae
801 1219 977 1286 materiam
1008 1221 1158 1308 sumpsit,
1188 1217 1245 1288 sed

153 1319 173 1362 e
202 1321 241 1362 ιιι
267 1318 325 1361 ιο.

194 1390 226 1460 5.
261 1381 328 1445 Sed
350 1399 429 1449 cum
448 1382 566 1460 audio,
593 1381 648 1448 vel
671 1383 764 1460 dico,
794 1385 945 1452 divinam
965 1383 1154 1454 bonitatem
1174 1405 1245 1454 om·

128 1461 190 1528 uia
211 1465 252 1527 de
274 1462 384 1528 nihilo
408 1467 544 1542 creuss'e,
567 1487 640 1532 non
661 1467 816 1556 intelligo
838 1470 922 1557 quid
941 1456 1135 1550 eonomine
1150 1473 1244 1560 quod

129 1547 177 1610 est
201 1546 290 1610 nihil
312 1549 354 1618 de
375 1547 485 1614 nihilo
507 1549 728 1647 significatur,
761 1569 876 1618 utrum
897 1552 1045 1640 privatio
1068 1554 1173 1618 totius
1198 1553 1244 1619 es·

128 1629 272 1706 sentiae,
302 1631 359 1693 vel
388 1631 604 1710 substantiae,
634 1636 689 1699 vel
719 1635 922 1712 accidentis,
958 1659 1001 1700 an
1023 1636 1170 1701 Divinae
1191 1635 1243 1700 su·

158 1712 432 1776 erellsntialitatis
465 1715 672 1781 excellentia.
715 1720 762 1781 Μ.
796 1722 875 1784 Non
906 1719 1006 1784 facile
1025 1719 1258 1801 correellerins

158 1794 282 1860 'vinam
312 1795 678 1881 superessentialitatem
708 1799 796 1864 nihil
828 1803 907 1876 elle,
943 1801 998 1864 vel
1020 1801 1079 1865 tali
1099 1799 1242 1866 nomine

124 1877 329 1966 privationis
357 1880 448 1962 posse
474 1879 599 1944 vocari.
645 1881 808 1965 Quamvis
831 1883 921 1946 enirn
944 1904 963 1946 a
984 1884 1169 1970 Theologie
1192 1883 1241 1948 di·

125 1978 224 2027 eatur
253 1981 324 2026 non
355 1961 436 2037 effe,
469 1983 542 2027 non
566 1985 639 2026 eam
663 1979 775 2028 tamen
795 1964 883 2028 nihil
905 1967 967 2028 elle
989 1963 1241 2044 suadeut‚.sed

124 2045 305 2131 plusquam
327 2044 399 2107 eise.
443 2046 627 2130 Quomodo
650 2045 741 2109 enim
763 2047 858 2111 causa
880 2046 1034 2111 omniurn
1057 2069 1142 2134 quae
1160 2046 1240 2111 sunt

123 2129 220 2193 nulla
251 2126 388 2192 essentia
419 2126 666 2214 intelligeretur
687 2131 769 2204 esse,
804 2151 882 2194 cum
907 2127 1020 2192 omnia
1042 2151 1128 2216 quae
1148 2131 1251 2206 sunt:

124 2233 198 2276 eam
219 2232 299 2274 vere
320 2210 382 2273 else
406 2212 569 2284 doceant,
591 2211 688 2274 nullo
708 2233 790 2276 vero
808 2227 1007 2299 argumento
1021 2231 1237 2299 eorumquae

121 2297 202 2360 suut
221 2291 426 2380 intelligitur
447 2292 531 2391 quid
550 2293 606 2356 fit:
629 2293 654 2356 sr
674 2293 779 2380 igitur
799 2311 937 2382 propter
957 2293 1164 2359 ineffabilem
1183 2317 1238 2358 ex·

121 2376 349 2448 cellentiam,'
376 2389 413 2440 et
446 2397 560 2440 tueom
587 2377 819 2442 rehenstbilem
848 2375 1071 2452 infinitatem,
1108 2377 1237 2442 Divina

106 2477 245 2526 natura
274 2458 399 2524 dicitur
426 2479 538 2523 noue
565 2481 603 2536 s,
637 2460 796 2547 nunquid
816 2459 849 2525 se
872 2459 966 2525 uitur
986 2459 1127 2526 omnino
1147 2459 1237 2524 nihil

121 2543 211 2608 else?
235 2545 316 2607 dum
337 2563 408 2606 nou
425 2541 530 2606 'aliam
551 2545 594 2608 ob
618 2545 749 2609 causam
774 2484 987 2632 praedicetur
1006 2566 1079 2608 non
1101 2545 1163 2608 elie
1184 2544 1237 2610 su·

119 2623 379 2714 perelieutialis‚
403 2623 466 2690 nisr
487 2629 578 2712 quod
599 2625 800 2694 innumero
823 2649 940 2693 eorum
953 2649 1039 2716 quae
1052 2628 1147 2702 sunt,
1172 2647 1235 2690 nu·

119 2709 243 2776 merari
264 2729 342 2772 vera
362 2727 433 2770 non
454 2707 532 2772 finit
552 2709 655 2783 ratio,
679 2713 759 2774 dum
780 2706 878 2798 super
899 2705 1015 2776 omnia
1037 2731 1122 2796 quae
1143 2708 1232 2783 sunt,

121 2809 159 2857 et
179 2812 264 2878 quae
284 2812 356 2856 non
378 2790 473 2867 sunt,
497 2792 559 2855 esse
580 2791 798 2878 intelligatur.
841 2797 884 2856 D.
918 2792 1012 2876 Quid
1033 2811 1113 2874 ergo
1134 2791 1234 2852 intel·

121 2876 228 2962 ligam
259 2874 379 2960 quaeso
408 2888 443 2937 te
474 2873 634 2947 audiens,
672 2877 774 2938 deum
805 2877 848 2938 de
875 2873 985 2937 nihilo
1007 2870 1123 2936 omnia
1147 2889 1234 2956 quae

122 2959 205 3022 suut
234 2955 373 3022 secisse?
406 2959 455 3020 M.
484 2953 641 3054 intellige
668 2976 709 3020 ex
729 2977 801 3020 non
825 2953 1040 3020 existentibus
1062 2952 1234 3018 existentia

119 3063 183 3130 per
202 3039 363 3110 virtutem
384 3037 547 3104 bonititis
567 3037 717 3104 Drvinae
738 3039 825 3103 sacta
847 3037 953 3102 suisse.
978 3039 1028 3099 Ea
1042 3033 1134 3100 enim
1168 3040 1233 3098 uae

116 3147 194 3192 uon
216 3140 327 3202 erant,
352 3137 555 3209 acceperunt
576 3124 638 3188 else
661 3125 703 3187 de
724 3121 853 3196 nihile,
875 3139 1022 3206 namque
1036 3113 1126 3184 sacta
1141 3058 1231 3192 liant,

119 3208 201 3298 quia
221 3229 295 3272 uon
316 3222 410 3270 erant
430 3205 626 3293 priusquam
646 3206 777 3270 fierent.
819 3205 870 3268 Eo
897 3223 1046 3290 namque
1063 3201 1231 3267 vocabulo
1332 3249 1336 3264 .

140 3293 214 3356 uod
236 3291 281 3354 ett
301 3287 465 3364 nihilum,
495 3309 568 3353 non
589 3289 701 3376 aliqua
722 3286 899 3362 materies,
920 3307 994 3351 uon
1017 3285 1113 3350 causa
1133 3305 1234 3371 quae·

119 3317 199 3442 dam
219 3371 448 3447 existentium,
480 3391 552 3436 non
573 3374 642 3436 ulla
662 3369 841 3458 processio,
875 3371 933 3434 seu
954 3370 1098 3444 occasio,
1130 3388 1233 3454 quam

118 3461 313 3545 sequeretur
340 3467 458 3520 eorum
487 3475 572 3541 quae
600 3456 679 3519 sunt
706 3453 878 3529 conditio,
912 3475 984 3518 non
1013 3450 1141 3539 aliquid
1166 3453 1231 3515 deo

121 3537 351 3615 coeffentiale',
384 3553 423 3622 et
450 3554 687 3614 coaeternum,
721 3559 832 3624 neque
865 3552 956 3601 extra
986 3537 1088 3600 deum
1115 3535 1232 3620 perse

115 3624 307 3698 subsiliens,
345 3621 405 3686 seu
442 3623 481 3685 ab
518 3620 631 3710 aliquo
669 3625 763 3688 unde
801 3624 883 3685 deus
916 3618 1024 3685 veluti
1055 3616 1231 3684 materiem

117 3711 289 3797 quandam
322 3703 551 3770 fabricationis
587 3704 708 3770 mundi
743 3702 947 3791 susceperit,
988 3703 1046 3766 sed
1086 3699 1230 3798 omnino

115 3792 236 3872 totius⁴
260 3788 417 3854 essentiae
453 3787 654 3874 privationis
692 3809 820 3854 nomen
857 3801 945 3864 erat,
986 3801 1021 3883 et
1047 3801 1088 3848 ut
1116 3801 1231 3848 versus

118 3875 232 3942 dicam
264 3874 468 3940 vocabulum
505 3871 549 3936 est
587 3871 737 3937 absentia
770 3869 875 3936 totius
905 3871 1069 3934 esseuuae.
1117 3865 1232 3932 Priva-

115 3958 169 4027 tio
198 3957 291 4024 euim
318 3952 528 4022 habitudinis
560 3957 604 4022 est
632 3953 767 4020 ablatio.
817 3955 998 4040 Quomodo
1027 3966 1142 4016 autem
1171 3949 1231 4014 fie·

114 4041 146 4106 ri
182 4050 317 4130 poter‘at
351 4037 525 4126 privatio,
568 4037 766 4127 priusquam
805 4037 902 4103 steret
939 4033 1106 4104 habitus?
1146 4031 1231 4098 ttul-

113 4127 170 4192 lus
208 4124 301 4192 euim
335 4123 469 4188 habitus
508 4141 578 4188 erat
616 4138 695 4188 ante
731 4143 832 4210 quam
865 4119 980 4188 omnia
1018 4139 1105 4206 quae
1139 4116 1231 4190 sunt,

666 4243 780 4329 ¹rs
