2970 4826
136 287 138 294 y
264 189 387 260 ”tre
518 293 520 298 ,
644 136 1115 260 ornumornum(
1242 297 1243 302 Ν

309 377 449 455 dentum
465 394 583 457 :quum
605 371 641 438 iu
665 371 825 460 qualitate
845 339 1032 460 corporum!
1045 370 1117 458 poll
1136 369 1437 438 resurrectionem

308 453 547 542 disputationis
575 457 653 520 suae
679 455 782 522 finem
803 455 1027 522 coullituuntr
1057 454 1319 522 translatorem
1347 477 1436 520 vero

306 559 485 626 corporum
506 537 543 602 in
565 539 709 618 animat,
733 556 767 606 et
787 539 975 612 animarum
988 538 1170 615 incautae,
1192 553 1228 604 et
1239 539 1435 604 causarum

306 623 343 688 iu
374 627 484 688 Deum
512 622 649 708 quidam
680 623 818 710 penitet
845 639 992 711 negant,
1025 621 1162 709 puidam
1188 636 1295 688 caute
1322 621 1434 686 dubi·

180 727 185 741 *
307 722 400 772 tanta
432 703 467 770 in
491 719 621 770 tautum
643 721 682 770 ut
703 705 805 780 etiam
825 705 1069 772 humanitatem
1091 704 1211 772 Christi
1232 703 1270 770 iu
1295 703 1435 770 divini

306 803 410 854 tatem
431 789 624 854 conversam
648 789 742 854 fnisse
755 789 875 856 ⁴dicere
896 812 967 856 non
989 791 1146 860 audeaut-
1188 791 1232 851 Et
1250 799 1380 874 'quum
1398 791 1434 852 il·

227 885 246 944 ⁵,
305 873 415 939 lorum
442 892 513 936 non
542 873 586 936 esl
612 873 910 960 praetermittenda
940 871 1156 938 anctoritate·
1179 869 1263 958 quid
1287 873 1339 936 de
1366 876 1459 938 boe

306 955 458 1022 sentiunt
484 955 629 1020 breviter
652 977 920 1022 *commemorate
952 959 1122 1024 debemua.
1166 957 1294 1020 Beatua
1318 957 1432 1020 Aure

306 1039 373 1106 liua
394 1043 443 1104 tu
469 1039 594 1104 usliuut
615 1037 651 1102 in
675 1039 807 1106 decimo
829 1037 1028 1106 Hexaemeri
1049 1037 1118 1104 suit
1147 1037 1329 1114 „Primum
1341 1083 1356 1114 ,
1382 1039 1430 1103 ira

293 1119 398 1210 'quit.
429 1061 560 1188 iliudsr
611 1121 715 1188 iffime
737 1139 929 1201 teneamua,
961 1123 1093 1188 animae
1114 1139 1268 1188 naturam
1291 1143 1372 1186 uec
1393 1123 1429 1186 iu

306 1222 561 1292 naturamcorp
586 1205 631 1270 ria
653 1207 823 1283 converti,
853 1222 892 1274 ut
912 1229 997 1293 qnae
1019 1211 1085 1290 jam
1106 1205 1173 1270 fuit
1194 1203 1331 1280 anima,
1370 1205 1429 1270 fiat
1458 1215 1459 1218 ’

308 1309 450 1374 corpuat
477 1311 541 1354 nec
561 1289 598 1354 in
620 1306 773 1356 naturam
795 1289 926 1366 animae
946 1288 1167 1364 irrationalia,
1186 1303 1230 1352 ut
1244 1309 1341 1374 qnae
1360 1287 1427 1352 suit

309 1371 422 1438 anima
450 1371 616 1449 hominia,
650 1373 708 1438 stat
739 1373 901 1462 p‘ecudiet
937 1373 1059 1440 necin
1082 1387 1236 1438 naturam
1256 1369 1353 1446 Dei,
1392 1387 1428 1436 ut

178 1461 186 1474 ⁸
308 1477 394 1544 quae
424 1453 491 1520 suit
519 1456 648 1532 anima.
668 1456 741 1526 ,fiat
762 1459 853 1544 quod
875 1461 966 1522 Daue
983 1455 1049 1531 est:
1086 1471 1186 1541 atque
1205 1453 1253 1518 ita
1275 1453 1427 1520 viciffim

307 1561 373 1608 nec
392 1559 530 1625 corpua,
549 1562 617 1604 nee
640 1539 783 1604 animam
805 1539 1092 1615 irrationabilem,
1114 1559 1180 1602 uec
1200 1525 1423 1604 substantiam

329 1644 393 1688 uae
415 1627 507 1689 Deue
528 1623 589 1697 est,
612 1623 766 1688 converti
788 1639 822 1688 et
842 1623 916 1688 fieri
938 1619 1084 1686 animem
1101 1623 1324 1688 =bdtuanem.”
1376 1622 1426 1686 vi-

307 1646 368 1770 dea
390 1707 672 1792 quemadmodum
693 1721 795 1793 negat
818 1706 964 1774 animam
984 1709 1185 1778 humanam,
1204 1706 1275 1768 bue
1297 1703 1349 1768 esi
1368 1727 1424 1770 na·

309 1803 417 1854 tutam
439 1787 672 1854 rationabilem
696 1788 848 1854 converti
869 1791 959 1876 posse
980 1787 1018 1852 in
1039 1791 1170 1861 Deum,
1190 1809 1321 1884 neque
1348 1809 1422 1856 cor·

333 1893 372 1936 ua
402 1870 439 1936 iu
469 1871 624 1936 animam.
675 1873 815 1938 Boetius
843 1893 978 1960 quoquo
1005 1869 1042 1936 in
1071 1871 1218 1936 secundo
1247 1871 1341 1936 labro
1383 1875 1423 1938 de

342 1953 496 2020 rinitatee
523 1957 626 2030 „Non
648 1956 708 2030 esi,
745 1955 876 2044 inquit,
899 1959 1046 2020 bumana
1067 1953 1179 2018 anima
1199 1951 1237 2016 in
1259 1951 1422 2018 divinita·
1458 2027 1459 2030 Ἴ

308 2054 379 2104 tem
410 2059 428 2102 e
459 2059 525 2126 qua
546 2040 681 2104 allumta
704 2039 764 2114 est,
799 2053 999 2138 permutata.
1046 2039 1148 2135 Quod
1170 2036 1193 2100 st
1212 2057 1328 2122 neque
1352 2059 1421 2103 eor·

307 2117 1419 2270 tt·reuertentem”sterterenttrite·

271 2256 275 2271 .
559 2229 580 2270 u
765 2229 856 2270 mana
873 2229 907 2270 aa
980 2229 1002 2270 u
1409 2253 1417 2268 .

182 2291 189 2322 l
308 2289 421 2354 Multo
442 2229 556 2352 mirina
575 2307 656 2369 vero
679 2289 771 2354 credi
791 2277 915 2388 potest,
943 2303 984 2353 ut
1004 2303 1145 2374 utraque
1165 2285 1203 2350 in
1224 2285 1258 2350 se
1279 2307 1420 2352 conver·

275 2451 279 2460 ¹
308 2385 478 2438 terenturt
513 2372 627 2456 quum'
647 2391 758 2457 nequo
791 2370 1045 2457 incorporalitas
1068 2367 1209 2436 trenaire
1230 2371 1273 2434 ed
1291 2391 1418 2458 ,corpur

308 2449 425 2541 potest.
435 2473 546 2550 neque
560 2455 671 2518 rursua
688 2454 882 2520 econverso
896 2475 1018 2546 corpur
1031 2457 1074 2520 ad
1086 2451 1417 2538 incorporalitatem:

310 2537 584 2624 qnandoquidem
615 2537 707 2600 nulla
736 2535 788 2602 bie
819 2537 1127 2618 materia-subjecta
1148 2535 1341 2604 communia
1365 2538 1416 2614 et,

308 2639 394 2706 qnae
416 2618 583 2684 alterutria
603 2619 854 2685 substantiarum
867 2621 1085 2708 qualitatibua
1099 2628 1343 2706 permutatur.”
1376 2626 1414 2686 lu

305 2701 361 2769 hia
382 2701 492 2768 verbio
514 2703 762 2788 praedictorum
783 2705 1030 2770 auctorumnil
1053 2703 1145 2768 aliud
1169 2705 1267 2768 datur
1292 2703 1416 2770 iutelli-

179 2845 183 2876 Ι
309 2787 345 2876 gi
365 2807 465 2872 quarn
484 2787 612 2852 nullam
635 2807 831 2874 corpoream
851 2800 1004 2854 naturam
1020 2787 1059 2852 iu
1074 2786 1308 2874 incorpoream
1322 2790 1415 2874 polle

309 2869 443 2936 mutari.
488 2871 643 2955 Quorum
662 2871 862 2938 sententiam
885 2893 958 2936 nou
979 2873 1085 2936 solum
1105 2891 1178 2936 uon
1199 2871 1416 2958 reprebendi·

308 2973 401 3027 mut,
434 2973 554 3020 verum
575 2953 674 3018 etiam
695 2954 841 3020 libenter
863 2954 934 3019 acci
959 2955 1068 3020 inruat
1103 2955 1279 3042 theologot
1301 2971 1415 3020 autem

307 3035 368 3124 qui
391 3038 516 3135 Graece
537 3037 648 3134 locuti·
666 3039 743 3135 suut
758 3037 853 3102 aliter
869 2979 993 3102 sendsse
1008 3059 1077 3102 nou
1088 3037 1296 3123 ,ignoramun
1319 3041 1415 3124 Quo·

308 3143 383 3186 rum
406 3124 495 3186 dicta
516 3143 666 3206 quamvta
688 3145 725 3186 ιιι
747 3123 1033 3206 praecedeutibut
1056 3119 1293 3206 diaputationie
1312 3125 1415 3202 bujua

268 3279 275 3295 Ι
309 3203 402 3282 libria
422 3204 615 3292 frequenter
630 3206 671 3268 de
687 3204 799 3270 redr'm
813 3219 952 3270 naturae
968 3203 1272 3282 introduxerimus.
1295 3208 1412 3270 eadem

310 3303 345 3352 et
374 3308 468 3353 nunc
499 3301 649 3372 repetere
670 3287 885 3354 necessarium
905 3288 1103 3369 judicamua.
1148 3291 1270 3354 Reatut
1291 3291 1415 3374 Grego·
1458 3323 1459 3330 ι

309 3369 379 3434 rint
401 3370 595 3454 Theologut
617 3369 652 3434 iu
674 3369 857 3457 Epitaphio
880 3372 989 3436 sratria
1011 3373 1062 3436 sui
1084 3372 1230 3446 Caesarii
1248 3375 1290 3436 de
1308 3373 1412 3436 resur·

272 3479 274 3489 ι
309 3451 460 3518 rectione
485 3449 535 3515 die
562 3467 677 3520 utana:
699 3455 828 3530 „Paulo
848 3457 921 3542 poll
936 3461 1066 3531 autem,
1088 3455 1124 3520 in
1150 3455 1220 3532 uit,
1243 3471 1277 3520 et
1291 3475 1413 3544 congr»

308 3535 419 3600 nitum
441 3475 572 3600 torneie
592 3556 716 3624 corpua
733 3537 893 3604 videlicet
916 3538 1091 3626 receptura
1122 3563 1139 3604 e
1181 3539 1312 3616 anima.
1333 3561 1412 3604 cnm

309 3637 377 3705 quo
398 3641 484 3706 quae
504 3616 577 3684 illic
596 3620 694 3696 sunt,
723 3625 799 3688 boc·
812 3621 871 3698 est,
899 3621 937 3686 in
958 3623 1071 3688 futura
1091 3621 1161 3688 rita
1180 3623 1412 3711 philosophata

309 3702 372 3766 eslt
395 3695 580 3788 peripsam
602 3719 635 3768 et
657 3708 768 3770 datam
788 3722 823 3770 et
844 3705 1004 3772 creditam
1019 3709 1163 3784 terra'm,
1187 3729 1319 3774 carnem
1363 3729 1413 3772 ro·

310 3785 400 3850 secto
422 3785 459 3850 in
480 3789 622 3884 modum
641 3809 741 3875 quem
762 3789 860 3854 novit
902 3789 938 3854 ai
960 3811 999 3856 ea
1012 3790 1193 3880 colligarit
1214 3807 1248 3855 et
1270 3731 1412 3856 tinnivit

309 3871 425 3933 Deuar
458 3873 540 3934 burc
568 3871 833 3937 cohaereditabit
858 3813 930 3938 iliic
951 3875 1110 3961 gloriam,
1146 3891 1180 3940 et
1203 3877 1411 3962 quemadmo-

310 3955 392 4018 dum
420 3954 573 4050 laborum
603 3960 695 4036 ejua,
729 3956 860 4022 animae
887 3957 1048 4024 uidelicet
1072 3972 1137 4056 per
1164 3979 1229 4024 con
1254 3957 1410 4024 eucratio·

207 4049 210 4056 ’
311 4057 390 4100 uem
411 4037 629 4124 participavit
649 4060 793 4126 corpote
815 4041 861 4108 lic
880 4063 921 4106 ex
940 4041 1209 4129 jncundrtptibua
1226 3981 1295 4110 daia
1307 4044 1410 4108 under

311 4135 421 4195 totum
451 4118 489 4188 in
518 4121 655 4210 seipsam
683 4143 806 4211 corpur
842 4125 969 4192 scilieet
989 4127 1219 4218 consumtum,
1250 4139 1290 4195 et
1303 4125 1410 4195 sutura
