3036 4862
290 231 367 336 aaa
626 257 883 348 nauseasse
903 254 1077 330 umores.

562 395 573 430 9

293 441 592 519 irrationabilium,
622 442 964 532 quamvia·naturales
984 443 1052 510 illis
1073 435 1164 521 sarim·
1179 441 1308 511 illicito
1328 454 1401 534 per·

288 530 406 620 persae
426 527 610 594 voluntatis
632 527 786 630 appetitu
808 532 946 604 cadere,
983 527 1020 592 in
1043 528 1158 614 eisque
1179 532 1268 594 velle
1289 553 1401 596 mane·

291 635 346 690 re,
366 612 496 698 ¹aeliota
520 611 687 698 :repeton
715 607 948 700 pulcritudine
977 610 1125 678 divinae·
1147 602 1341 701 imaginis&
1358 617 1401 678 D.

254 768 256 779 ,
291 703 368 766 Iure
396 695 533 782 quidem
554 697 714 782 culpatur
729 694 959 776 rationabilis,
991 699 1034 760 ob
1058 694 1254 779 animalium
1268 697 1403 764 'irratio-

286 779 455 864 nabilium
469 795 605 844 *mutuas
631 781 734 846 'Nam
761 775 934 867 st'aliquis
961 779 1066 845 homo
1097 781 1261 845 honestae
1274 781 1402 848 formae

290 863 457 930 bestialem
491 861 635 950 effigiem
656 865 776 951 sponte
799 863 855 926 sua*
876 864 909 926 se
930 859 1106 928 indueret:
1137 863 1400 944 necimmerito

289 951 612 1034 reprehenderetur,
629 949 669 1012 ab
693 969 732 1012 eo
755 949 847 1033 quod
868 945 988 1012 melius
1011 947 1071 1023 ess,
1093 945 1130 1010 in
1153 946 1192 1012 id
1211 951 1402 1034 quodmul·

289 1045 363 1096 tum
386 1029 532 1095 deterius
555 1029 697 1116 seipsum
713 1029 958 1117 praecipitans.
1198 1065 1249 1076 ι
1393 1065 1397 1074 ·

321 1111 386 1192 ›¹7s
419 1117 486 1179 Sed
515 1115 626 1178 adhuc
657 1129 809 1202 quaerut·
830 1117 1003 1198 curllscus
1024 1111 1199 1178 hominem
1220 1109 1402 1198 ingeneret

294 1195 490 1264 animalium
519 1198 662 1273 creav'it,
695 1211 795 1284 quem
818 1199 859 1260 ad
880 1195 1062 1284 imaginem
1083 1197 1175 1260 suam
1198 1211 1233 1260 et
1252 1195 1403 1277 similitu·

291 1281 405 1345 dinem
429 1283 537 1348 facere
557 1281 692 1346 voluit‘l
713 1273 916 1362 'Gloriostus¹
933 1279 1059 1368 quippe
1080 1279 1271 1356 videretur,
1306 1281 1401 1344 omni

290 1363 496 1429 animalitate
516 1365 590 1430 fieri
612 1367 816 1446 absolutum,
840 1367 933 1450 quod
953 1362 1089 1450 superni
1111 1360 1310 1428 characteris
1327 1383 1400 1449 par·

291 1447 398 1534 ticeps
430 1451 493 1514 else
521 1451 618 1513 ultra
639 1447 753 1513 omnia
783 1447 940 1512 animalia
966 1448 1260 1522 suerat'electum,
1294 1449 1401 1512 coele·

290 1531 465 1620 iliumque
478 1527 690 1614 essentiarum
713 1531 866 1606 consors,
901 1529 1024 1618 quibus
1045 1546 1255 1595 terrenorum
1275 1527 1401 1594 'anima-

289 1613 374 1680 lium
407 1618 505 1680 nulla'
529 1615 849 1698 consubstantialitas
879 1614 998 1678 finitur
1026 1611 1138 1678 inesse.
1196 1616 1274 1678 Non
1309 1614 1401 1678 enim

289 1698 431 1764 terrenis
462 1700 659 1785 corporibus
683 1713 879 1785 gravantur,
912 1717 978 1764 nec
999 1696 1170 1786 corporeis
1191 1697 1335 1761 senfibus
1359 1699 1401 1763 ad

251 1786 253 1798 ’
288 1805 400 1846 rerum
422 1782 624 1868 sensibilium
645 1783 828 1862 notitiam3
857 1781 1048 1846 'nonenim
1069 1781 1274 1846 extrinsecus
1296 1781 1403 1866 phan-

289 1866 383 1931 tasias
405 1865 597 1952 accipiunt,
620 1860 678 1930 sed
698 1865 900 1930 intrinsecus
918 1865 955 1930 in
971 1865 1098 1952 seipsas,
1120 1863 1268 1928 rationes
1283 1883 1400 1928 eorum

312 1971 375 2014 uae
394 1949 515 2014 vident
535 1965 757 2038 cognoscunt.
800 1951 887 2015 Nam
910 1965 944 2012 et
965 1949 1076 2013 anima
1095 1969 1168 2014 non
1191 1963 1281 2011 extra
1303 1949 1335 2012 se
1352 1947 1401 2011 vi·

288 1971 349 2098 let
370 2055 455 2119 quae
476 2033 598 2112 sentit,
621 2035 678 2098 sed
699 2055 760 2120 per
780 2034 966 2120 phantasma
988 2033 1024 2096 in
1048 2030 1150 2118 seipsa
1173 2035 1265 2118 quod
1289 2031 1399 2118 angeli

287 2137 361 2182 non
380 2117 581 2204 'patiuntun
633 2116 798 2200 Quamvis
818 2119 925 2180 Plato·
938 2105 1094 2203 angelum
1117 2114 1257 2178 deliniat
1278 2115 1400 2178 animal

287 2201 453 2265 rationale
472 2215 511 2265 et
530 2199 740 2264 immortales
781 2197 838 2260 sed
861 2201 952 2282 quod
975 2197 1229 2262 auctoritates.
1253 2197 1401 2284 Scriptu-

288 2305 345 2347 rae
376 2285 633 2368 sanctorumque
665 2282 976 2364 Patrumvprobare
1000 2299 1070 2341 non
1092 2279 1280 2363 possumus,
1312 2280 1401 2344 inter

288 2377 394 2430 certas
416 2381 610 2428 naturarum
634 2360 899 2449 speculationes,
924 2359 1085 2447 quoniam
1109 2362 1321 2426 temerarium
1342 2365 1396 2439 est,

226 2447 229 2462 '
290 2445 442 2532 accipere
472 2467 542 2512 non
573 2449 743 2510 debemus.
802 2446 903 2530 Quod
937 2459 995 2507 aut
1027 2446 1168 2509 Sanctus
1196 2445 1399 2530 Augustinus

289 2531 437 2593 summos
455 2530 600 2624 angelos
632 2526 814 2614 spiritualia
840 2529 897 2591 sua
927 2547 1067 2614 corpora
1098 2525 1134 2592 in
1158 2527 1280 2613 quibus
1301 2529 1400 2614 saepe

291 2627 454 2700 apparent
481 2629 560 2676 non¹
583 2613 688 2675 solum
718 2613 846 2674 babere
872 2629 943 2675 non
967 2614 1127 2698 denegat,
1157 2610 1398 2676 verumetiam

199 2750 203 2770 ,
290 2697 486 2775 confirmat,
505 2697 615 2759 'nullo
643 2697 746 2759 modo
776 2690 953 2780 compellit
973 2715 1054 2770 nos,
1081 2693 1231 2758 coelestes
1254 2683 1398 2757 substans

289 2779 353 2845 tias
375 2778 535 2844 animalia¹
553 2780 615 2842 esse
637 2781 788 2853 crederet
810 2777 1003 2864 praesertim
1026 2801 1103 2842 cum
1118 2799 1188 2841 non
1206 2777 1397 2842 coelestium

290 2877 325 2928 at
340 2861 654 2950 incorruptibilium
677 2875 855 2948 corporum
873 2881 950 2926 cum
969 2861 1156 2948 angelicial
1178 2859 1311 2926 iritibus
1324 2863 1399 2924 har·

287 2946 404 3011 monia
432 2939 731 3043 inseparabilisque'
755 2949 931 3024 junctura,
967 2946 1022 3009 sed
1056 2961 1141 3008 terre
1186 2944 1254 3008 'um
1274 2959 1308 3008 et
1328 2965 1400 3009 cor·

288 3051 329 3094 ru
356 3030 502 3094 tibilium
528 3051 604 3094 cum
627 3030 802 3092 animabus
825 3029 891 3091 stse
911 3027 1167 3092 rationabilibus
1189 3029 1253 3091 stve
1268 3026 1398 3091 irratio-

289 3053 460 3176 uelitibus
493 3113 589 3176 sensu
609 3107 780 3176 mediante
802 3111 968 3196 connexio
991 3111 1114 3175 animal
1137 3110 1267 3174 efficiat.
1296 3112 1398 3185 xNam

288 3192 322 3261 fi·
339 3197 452 3261 sensus
482 3194 626 3258 exterior
648 3193 807 3280 angelicis
828 3193 1025 3280 corporibus
1049 3211 1149 3280 atque
1170 3191 1397 3257 intellectibus

289 3279 406 3364 ineisa·v
425 3278 507 3363 quid
526 3277 685 3363 prohibet
704 3295 748 3339 ne
770 3277 847 3340 illos
867 3277 1041 3351 animalia,
1074 3297 1214 3362 corpore
1236 3276 1399 3362 sensuque

289 3362 462 3428 mediante
483 3376 517 3425 et
538 3359 713 3424 intellectu
733 3359 928 3424 vivificante
946 3361 1143 3446 compostta,
1168 3361 1250 3422 stcut
1262 3357 1396 3423 Platoni

287 3445 418 3532 placet,
450 3441 625 3509 dicamus?
659 3447 704 3506 Et
730 3444 837 3517 fi'stc,
876 3465 976 3530 quare
996 3441 1033 3505 in
1056 3463 1179 3530 genere
1200 3441 1397 3507 animalium

287 3549 359 3593 non
386 3525 650 3674 computantur?
687 3525 860 3612 Siquidem
889 3541 925 3590 et
956 3529 1058 3590 homo
1090 3525 1207 3588 sinon
1229 3540 1396 3610 peccaret,

290 3611 459 3676 animale
486 3625 529 3676 et.
569 3605 652 3674 'Non
675 3609 765 3672 enim
785 3625 962 3695 peccatum
983 3606 1065 3673 fecit
1084 3605 1240 3671 animalia
1261 3609 1318 3674 sed
1338 3627 1397 3672 na·

288 3709 374 3759 tura.
416 3697 504 3759 Nam
524 3709 560 3758 at
581 3693 717 3780 angelos
730 3691 1010 3778 praevaricatores
1026 3687 1181 3755 animalia
1199 3689 1279 3767 esse,
1302 3692 1395 3756 nulla

286 3777 391 3841 tradit
411 3775 601 3842 auctoritas.
645 3777 749 3861 Quod
771 3775 916 3840 'maxime
939 3776 997 3839 tali
1020 3777 1161 3839 docetur
1183 3789 1394 3872 argumento.

287 3857 462 3946 Siquidem
482 3860 540 3924 illa
561 3861 674 3924 suttua
694 3858 837 3924 felicitas
859 3879 943 3945 quae
964 3857 1086 3922 sanctis
1107 3856 1303 3922 hominibus
1321 3879 1397 3944 pro·

286 3942 454 4020 mittitur,
489 3965 560 4008 non
583 3942 646 4008 alia
667 3943 730 4006 esse
751 3941 962 4029 praedicatur
982 3963 1082 4028 quam
1100 3941 1277 4028 ⁴angelicae
1297 3957 1396 4006 natu·

287 4047 342 4090 rae
363 4027 530 4114 perfecta,
553 4025 644 4090 etin
666 4027 761 4091 nullo
786 4025 945 4091 deficiens
960 4023 1152 4111 aequalitas.
1181 4023 1267 4110 Quis
1280 4039 1394 4090 autem

287 4109 385 4176 sanus
416 4111 547 4198 sapiens
568 4110 717 4174 suturam
738 4108 887 4176 hominis
908 4107 1224 4175 transmutationem
1246 4105 1396 4174 credide·

287 4191 349 4272 rit,
378 4193 487 4261 veluti
515 4215 555 4259 ex
585 4191 722 4264 animali
749 4191 902 4261 inferiori
932 4194 970 4262 in
998 4191 1122 4261 animal
1143 4189 1314 4279 superius,
1351 4197 1404 4256 ax'
