3048 4856
314 249 414 339 etas
442 201 483 316 ἐ’
583 309 595 320 ,
642 247 699 320 tte
717 247 901 352 neptune
922 244 1096 320 aaron

255 489 258 494 .
314 445 462 526 qnorum
480 431 623 500 scientia
641 431 863 500 Arithmetica
883 419 946 511 eit,
967 433 1117 500 monada
1134 431 1198 498 elle
1210 428 1441 520 principiam,

315 542 388 588 non
410 520 565 598 dubitas,
586 531 626 582 ut
646 517 782 605 opinor.
831 515 996 602 Quicquid
1017 516 1055 586 in
1076 519 1144 583 hoc
1163 517 1302 582 baalitat
1323 516 1444 582 Arith-

228 623 231 630 “
298 601 462 672 fructicat
489 625 562 668 non
591 602 652 667 eil:
689 601 733 666 est
754 599 845 666 enim
866 600 1098 688 principium,
1137 614 1172 666 et
1190 596 1365 677 medium,
1402 613 1443 664 et

256 745 258 754 .
316 689 395 756 finia
416 687 571 754 omnium
592 707 846 760 numerorum
863 705 1001 760 monae,
1032 684 1071 750 id
1093 682 1154 760 cst,
1191 683 1328 761 unitae,
1350 704 1443 750 nm·

315 773 482 860 niumque
501 769 726 840 terminorum
749 785 879 844 totum,
904 785 938 833 et
956 790 1043 856 para,
1067 781 1102 834 et
1122 765 1233 833 omnia
1252 765 1442 855 quantitas.

314 857 384 924 Dic
404 855 519 954 itaque
540 877 626 920 num
647 873 765 920 omncs
785 851 941 927 numeri,
966 851 1158 940 quartatio
1180 867 1347 937 quantum
1358 853 1442 916 vult

315 940 543 1028 multiphcare
563 939 687 1025 potest,
723 935 898 1004 causaliter
918 933 956 1002 in
977 939 1125 1001 monade
1146 936 1242 1012 lunt,
1276 951 1312 999 et
1331 950 1442 1000 aeter·

315 1023 464 1098 naliter‘l
495 1025 575 1089 Non
611 1023 709 1088 aliter
729 1043 809 1086 vera
830 1023 931 1085 docet
950 1019 1057 1094 ratio,
1091 1019 1129 1085 in
1151 1041 1191 1084 ea
1211 1017 1304 1084 enim
1324 1017 1440 1094 caula

314 1109 354 1176 in
376 1129 415 1174 aa
435 1106 528 1174 enim
549 1106 724 1174 causaliter
745 1105 840 1179 iunt,
861 1101 941 1190 quia
957 1102 1113 1168 omnium
1125 1103 1441 1168 numerorumfub·

315 1192 395 1260 fixit
436 1187 523 1257 rinei
549 1189 638 1268 ium,
675 1205 710 1254 ct
729 1187 780 1253 ibi
802 1207 919 1252 omues
940 1189 1020 1252 sunt
1039 1185 1258 1252 individuum
1279 1182 1441 1284 fimplici·

316 1293 385 1356 ter,
412 1215 485 1342 iro’c
507 1215 569 1352 ei,
601 1270 856 1348 universaliter,
891 1285 926 1335 et
944 1269 1182 1356 multipliciter
1200 1271 1270 1336 iola
1288 1285 1439 1343 tattone,

314 1383 388 1428 uon
417 1375 531 1424 autem
564 1375 644 1424 actu
674 1373 710 1422 et
737 1353 954 1443 operatione,
985 1375 1099 1453 neque
1122 1375 1234 1418 unum
1256 1373 1297 1417 ex
1315 1351 1440 1418 multia

315 1445 545 1520 cumulatum,
567 1444 754 1508 sedunum
773 1441 832 1503 sua
853 1454 888 1504 et
907 1437 1050 1520 fimplict
1073 1451 1109 1502 et
1125 1435 1309 1536 multipiici
1325 1437 1373 1502 fin
1425 1471 1439 1486 ·

211 1593 213 1596 .
315 1527 448 1594 latitate
479 1525 683 1614 praeditum.
727 1529 778 1602 lta
806 1537 848 1586 ut
876 1539 911 1585 et
940 1539 1066 1587 omnea‘
1089 1541 1226 1586 numen
1249 1541 1287 1585 tn
1309 1541 1349 1585 ea
1397 1533 1439 1584 nt

314 1613 411 1678 fimul
433 1625 467 1674 et
488 1607 683 1697 [impliciter
703 1607 890 1672 fecundum
911 1607 1062 1680 caulam,
1085 1621 1120 1668 et
1134 1603 1255 1691 ipsein
1272 1603 1437 1668 omnibus

315 1693 553 1779 multipliciter
573 1691 740 1758 ineffabili
762 1687 996 1756 distributione
1017 1689 1228 1775 intelligatur
1247 1687 1437 1753 secuudum

315 1775 541 1838 substantiam.
583 1781 595 1833 l
623 1777 657 1832 tn
679 1775 725 1831 est
746 1771 839 1832 enim
860 1772 1015 1836 omniurn
1035 1791 1256 1837 numerorum
1278 1771 1377 1838 causa
1400 1785 1438 1834 et
1505 1784 1507 1803 ¹

316 1853 515 1927 substantia,
538 1867 572 1914 et
593 1797 676 1916 rium
695 1850 815 1914 statum
836 1849 1085 1918 immutabilem
1103 1855 1183 1918 luae
1199 1851 1345 1920 naturae
1358 1875 1434 1920 non
1508 1905 1511 1916 ⁴

307 1937 457 2024 delerit,
479 1935 513 1998 se
536 1935 642 2020 ipsam
662 1933 700 1998 in
722 1953 840 1998 omnes
860 1935 1097 2020 multipliciter
1119 1937 1298 2014 diffundit,
1330 1954 1436 2002 aeter-

315 2020 440 2086 naliter
458 2037 540 2082 vero
562 2018 600 2082 in
622 2017 1040 2104 eaiubfistuntquoniam
1061 2017 1098 2082 in
1121 2040 1159 2082 ea
1181 2021 1245 2084 effe
1268 2037 1436 2108 tempora·

315 2103 395 2170 liter
419 2100 611 2190 incipiuntt
645 2123 726 2166 nam
753 2121 825 2166 non
856 2116 927 2166 crat
951 2099 1064 2164 unitae
1093 2101 1341 2188 multiplicibus
1362 2125 1435 2168 om·

315 2188 415 2253 nium
441 2206 663 2251 numerorum
695 2183 885 2250 rationibus
905 2205 1023 2250 carena
1043 2183 1081 2248 in
1104 2185 1227 2271 quibus
1248 2187 1434 2254 lubfistunt.

317 2271 403 2357 Quia
426 2286 538 2334 autem
558 2291 644 2356 pure
664 2267 932 2355 intelligentium
952 2269 1098 2332 monada
1113 2269 1237 2334 dixerit
1252 2269 1431 2343 inclroalle,

315 2373 526 2440 cognoscens
550 2353 587 2416 in
609 2351 787 2418 infinitum
807 2353 973 2415 tendere?
1009 2353 1191 2449 Quomodo
1214 2355 1433 2443 enimpotest

314 2435 390 2502 ficri
410 2434 546 2500 infinita
567 2434 749 2522 progreffio
772 2455 791 2499 a
811 2433 912 2499 finito
926 2433 1037 2520 princi
1063 2434 1124 2500 ior
1146 2435 1322 2502 infinitum
1338 2439 1432 2504 enirn

315 2522 357 2584 ab
378 2517 516 2582 infinito
537 2519 710 2604 procedit;
746 2516 884 2582 afinito
906 2539 987 2582 vero
1008 2541 1046 2584 nr
1073 2519 1313 2614 itinfinimm,
1350 2540 1387 2587 et
1407 2523 1431 2586 li

273 2658 279 2666 .
315 2600 391 2692 quia
413 2601 535 2667 dixerit
555 2604 727 2687 quomodo
748 2605 816 2667 hoc
836 2601 916 2665 stare
937 2603 1062 2700 potest,
1075 2623 1166 2668 cum
1185 2603 1286 2684 etiarn
1303 2603 1341 2670 in
1353 2607 1430 2694 iplia

314 2685 467 2752 numeria
488 2687 595 2749 multa
615 2683 752 2749 infinita
773 2707 792 2749 a
813 2684 921 2750 finitis
941 2685 1139 2751 1ncboantia
1160 2686 1352 2766 videamur,
1389 2711 1430 2755 ex

236 2767 239 2774 ’
313 2768 449 2836 binario
481 2768 645 2855 fiquidem
666 2767 726 2855 qui
746 2767 865 2833 finitus
888 2790 1049 2836 numerus
1071 2771 1119 2835 cll
1137 2791 1254 2836 ornnea
1276 2773 1430 2860 duplicet
1510 2829 1511 2836 ,

312 2867 520 2928 nascuntur,
543 2851 636 2917 etin
659 2851 836 2916 infinitum
852 2856 1123 2938 protenduntur,
1146 2853 1297 2919 iimiliter
1314 2878 1354 2920 ex
1366 2871 1431 2924 ter·

311 2934 410 3004 nario
441 2934 540 3000 linito
571 2955 690 3000 omnen
719 2933 869 3020 triplices
899 2933 1039 3002 initium
1067 2937 1223 3012 sumunt,
1258 2953 1293 3002 et
1325 2938 1431 3004 finem

312 3017 712 3111 multiplicationia'iuae
732 3017 926 3094 nesciunt„
941 3033 976 3082 et
995 3034 1035 3082 ut
1055 3019 1204 3084 breviter
1225 3001 1334 3087 (licam
1354 3023 1429 3086 niri-

255 3125 258 3132 ·
311 3105 367 3170 lue
395 3124 557 3170 numerus
585 3101 630 3168 ett
649 3101 717 3167 suia
739 3100 984 3188 quantitatibus
1005 3101 1143 3178 finitur,
1177 3104 1236 3168 seu
1257 3104 1335 3170 lolia
1357 3127 1429 3170 mo·

312 3185 459 3256 uadibus
483 3189 512 3250 'a
543 3207 612 3272 quo
638 3184 817 3272 multiplex
846 3185 984 3272 quidam
1003 3185 1041 3250 in
1063 3185 1239 3251 infinitum
1259 3208 1332 3253 non
1353 3211 1428 3274 pro·
1452 3241 1454 3246 .

313 3271 407 3336 fluat.
449 3267 542 3333 Huic
564 3269 838 3356 respondendum
860 3270 914 3333 est.
958 3268 1010 3333 lsti
1031 3270 1165 3334 numeri
1186 3271 1338 3356 partibua
1359 3273 1428 3338 suia

312 3350 407 3418 finiti
435 3372 476 3414 ex
503 3349 626 3500 quibua
657 3351 1076 3440 multipliccaprocedunt
1097 3353 1134 3418 in
1155 3353 1353 3430 infinitum,
1390 3355 1427 3419 in

197 3505 199 3512 ,
311 3434 385 3521 ipsa
404 3454 507 3500 mona
533 3456 551 3498 e
570 3435 632 3500 nbi
653 3457 772 3500 omnen
792 3457 901 3500 unum
923 3437 1001 3500 lunt
1014 3435 1142 3500 infiniti
1158 3437 1246 3502 lunt.
1278 3437 1427 3504 Proinde

313 3533 374 3584 aut
401 3515 439 3583 in
468 3521 616 3583 monade
647 3520 710 3584 elle
738 3519 878 3606 negabit
898 3541 1016 3604 purnes
1037 3537 1214 3596 numeros,
1245 3521 1337 3586 etin
1358 3521 1425 3586 luia

310 3599 657 3687 multiplicationibue
677 3618 770 3668 extra
791 3625 864 3668 eam
884 3603 1001 3680 finitos
1022 3604 1085 3668 elle
1105 3601 1302 3690 affirmabit3
1325 3605 1425 3670 eutsr

310 3687 379 3752 hoc
400 3683 561 3750 affimtare
580 3707 652 3752 non
674 3685 821 3772 poterit,
843 3709 921 3752 vera
941 3686 1073 3752 ratione
1089 3687 1265 3764 resiliente,
1287 3688 1427 3754 neceffa·

292 3767 364 3834 ·rio
392 3767 553 3834 fatebitur
574 3791 692 3836 omnes
712 3789 872 3835 numeror
896 3765 1048 3856 partibu'a
1070 3771 1137 3836 luia
1158 3770 1276 3837 finitor
1298 3771 1334 3838 in
1355 3793 1425 3837 mo·
1510 3831 1511 3838 ,

309 3853 401 3918 nada
429 3851 584 3918 infinitoa'
615 3853 782 3918 substitere
801 3853 1017 3920 uniformiter
1040 3871 1205 3920 aeternos.
1249 3853 1423 3940 Siquidem

309 3935 372 4001 ubi
391 3933 469 4000 fone
492 3951 649 4022 apparet,
677 3959 749 4002 non
771 3935 821 4001 ibi
843 3959 930 4023 aqua
952 3936 1077 4036 incipit
1099 3939 1177 4014 elie,
1208 3939 1267 4004 sed
1288 3938 1424 4004 aliunde

236 4017 238 4029 ’
309 4039 373 4108 per
402 4021 554 4084 occultos
574 4039 677 4107 porot
697 4020 910 4107 ienfibutque
930 4020 1086 4088 infimtoa
1107 4022 1211 4108 longe
1232 4037 1425 4087 antemonet

234 4109 244 4146 κ’
308 4101 507 4190 priusquam
526 4101 564 4168 in
584 4103 683 4170 fonte
706 4119 864 4192 appareat
876 4119 891 4184 ς·
909 4125 948 4170 ac
968 4126 1029 4192 per
1049 4107 1118 4170 hoc
1138 4107 1423 4196 quemadmodum

308 4187 443 4256 thunre
472 4184 599 4254 dicitur
625 4187 710 4254 iona
734 4185 795 4254 ubi
825 4185 937 4270 primo
969 4187 1145 4256 visibiliter
1165 4189 1290 4281 surgit,
1321 4190 1426 4278 longe
