3038 4828
526 233 850 326 &inflatam
1138 233 1228 312 1813
1261 278 1307 360 't
1363 290 1372 303 .

104 417 200 488 titio
227 415 448 489 totinaaitae
485 503 486 506 Ἴ
530 421 598 490 'ori
619 421 847 501 adhaerentis.
879 415 1071 508 animalque
1089 439 1151 507 per
1171 437 1227 488 oo·

103 505 235 595 pulani
252 507 307 571 ¹ad
336 525 458 593 corpus
540 506 661 574 cientis
684 507 742 589 (all
763 507 854 572 enim
876 503 999 574 animal
1020 501 1170 591 corporis
1192 515 1228 568 et

108 585 255 656 animae
275 587 456 670 connexio)
486 590 654 678 triplicem
674 606 807 658 motum
827 588 982 654 infinuat.
1024 589 1071 652 Et
1089 583 1227 673 quidem

104 670 285 738 temerius
305 671 364 738 ille
382 687 495 740 motui
516 672 554 739 in
574 673 716 741 homine
736 674 824 749 roto,
847 670 905 760 qui
925 671 1013 738 tolus
1026 667 1228 736 rationabile

105 752 261 830 animal,
282 754 503 844 intelligiturr
524 761 687 856 quosdam
711 755 849 845 quidem
869 770 982 820 motus
1003 747 1226 820 funerationi

103 836 282 902 subditos
302 841 448 914 liabens,
486 862 545 928 qui
565 845 793 921 jumentorum
814 839 871 904 seu
893 837 1148 926 quadrupedum
1168 854 1228 900 vo·

104 921 240 987 cabulo
262 921 440 1010 [agnitioni
461 922 638 992 videntur:
659 915 1040 1023 verbi'gratiagmovet
1063 917 1228 1017 quinque·
1355 957 1357 960 -

101 1003 280 1152 pertitam
310 1004 462 1094 corporis
494 1007 626 1072 sensum
659 1005 916 1106 disciplinaliter
934 1004 971 1070 iii
992 1001 1227 1090 cognitionem

120 1085 321 1152 enfibiliuni
342 1110 454 1172 rerum
475 1089 588 1156 solerti
609 1113 723 1156 sariam
742 1087 989 1175 intelligentiae
1009 1083 1134 1152 studio:
1166 1081 1227 1182 qui

101 1185 231 1240 mutua
266 1191 337 1238 uon
358 1171 631 1238 irrationabiliter
653 1179 843 1255 jumentum
866 1169 1009 1238 dicituri
1041 1189 1112 1234 non
1134 1189 1227 1232 annu

22 1310 26 1319 .
101 1273 259 1340 parvum
290 1255 494 1334 adjutorium
529 1256 721 1324 rationabili
753 1255 884 1322 animae
911 1251 1051 1340 praestat
1068 1253 1125 1326 ,ad
1146 1271 1227 1320 con·

105 1336 376 1424 templaiionem
397 1339 549 1406 veritatis
570 1340 778 1409 sensibilium
795 1337 967 1411 omnium,
1001 1349 1131 1401 cuncta.
1145 1332 1227 1398 falti·

102 1435 186 1484 tate
216 1436 367 1496 remota,
408 1421 488 1488 vera
516 1425 707 1512 finceraque
733 1422 866 1490 notitia·
921 1419 976 1484 Est
1004 1417 1105 1486 etiam
1137 1415 1228 1504 quali
1351 1457 1357 1468 =

101 1505 291 1652 guoddani
325 1507 516 1593 quadrupes
544 1523 658 1574 motus
686 1509 841 1574 sensuum
862 1502 1056 1570 subditione
1074 1497 1227 1566 rationis.

133 1585 296 1674 iquideiu
316 1610 418 1655 omne
438 1593 531 1678 quod
551 1614 611 1678 per
634 1589 764 1660 lenium
782 1586 1035 1676 cognoscimus,
1057 1583 1094 1650 iu
1107 1598 1229 1652 natura
1328 1611 1331 1626 ι

103 1669 322 1736 sensibilium
342 1691 457 1738 rerum
477 1674 540 1750 elli
562 1669 628 1742 boc
642 1677 706 1750 eli,
730 1697 770 1742 ex
781 1689 925 1762 quatuor
939 1665 1125 1736 Elementii
1137 1683 1228 1732 coin·

102 1755 281 1904 pofitiim,
313 1770 372 1820 aut
400 1755 438 1820 in
459 1756 532 1855 ipio
553 1761 738 1847 compofito
760 1757 990 1826 coustitutum.
1027 1754 1102 1839 'Age
1122 1749 1244 1823 enim.⁴

102 1840 752 2006 m.tn''l⁰'5:”²qltttttt.“tttttt;
764 1839 1027 1982 leiim
1044 1835 1230 1980 ladit:
1311 1862 1317 1875 ’

104 2004 167 2072 est.
206 2003 253 2067 ei
275 2003 394 2068 ionum
415 2001 474 2066 seu
495 1999 811 2075 odoremlenleris,
833 2023 873 2064 ex
895 2003 969 2063 atre
990 2011 1135 2082 quatuor
1153 1995 1229 2058 Ele·

101 2085 242 2156 mentis
256 2083 459 2170 composito,
481 2081 641 2159 fimiliter,
662 2083 832 2170 sagellum
849 2083 907 2146 [eu
923 2094 1061 2152 tactum,
1084 2100 1125 2144 ex
1138 2097 1241 2144 com·¹

133 2167 335 2235 actionibus
357 2187 462 2251 aquae
483 2179 655 2252 terraeque
676 2165 828 2259 accidere
848 2185 919 2230 non
942 2160 1121 2227 dubitabis.
1148 2163 1227 2224 Non

103 2250 296 2338 immerito
311 2248 416 2337 igitur
437 2269 616 2336 corporeus
639 2250 773 2326 lenius,
798 2247 1064 2334 Quadrupedem
1082 2243 1229 2312 voeabu-
1299 2299 1304 2312 .

103 2337 209 2412 ium,
241 2333 392 2420 accepite
446 2333 584 2399 uoniam
614 2353 715 2400 omne
735 2337 827 2420 quod
848 2332 967 2408 sentit,
997 2349 1068 2394 non
1090 2327 1229 2392 aliunde

104 2419 181 2486 nisa
203 2439 243 2482 ex
264 2433 408 2520 quatuor
457 2417 612 2483 lementis
635 2416 801 2506 originem
823 2415 937 2496 ducit3
962 2415 1125 2514 quosdam
1146 2429 1227 2476 vero

92 2515 151 2570 ‘ex
187 2500 342 2567 inferiori
369 2516 489 2566 natura
512 2503 681 2589 sumptos,
712 2516 804 2568 recte
826 2499 949 2566 dixeris
969 2495 1227 2570 irrationabiles,

106 2590 185 2652 boc
210 2585 270 2661 cll,
296 2583 423 2652 rationi
444 2585 643 2661 refidentea,
674 2601 714 2650 ut
735 2586 779 2650 ett
799 2585 893 2654 furor
914 2598 950 2650 et
968 2577 1155 2670 cupiditas,
1177 2581 1229 2646 iu·

111 2667 335 2755 ordinatique
357 2668 581 2754 corporalium
602 2669 757 2734 feniuum
779 2667 960 2756 appetitus,
982 2665 1019 2730 in
1036 2666 1230 2732 abitfionem

112 2751 301 2818 attributos
327 2751 533 2815 ienfibilibus
563 2751 734 2818 creaturis.
776 2755 834 2834 Et
850 2749 1012 2838 quoniam
1032 2745 1236 2830 hujusmodl,

109 2849 233 2902 motus
255 2856 296 2900 ex
315 2833 602 2900 irrationabilibus
624 2833 825 2899 animalibus
842 2836 1010 2899 humanae
1022 2849 1162 2898 naturae
1178 2829 1239 2894 iit-1

113 2917 199 2984 serti
228 2917 323 2992 lunt,
356 2919 429 2982 'non
457 2916 644 3004 incongrue
664 2917 837 2982 bestiarum
861 2915 1087 3014 appellatione
1108 2911 1230 3011 signid-
1327 2945 1333 2954 ι
1376 2888 1379 2899 ’

110 3015 257 3069 canturi
285 2997 486 3088 praesertim
518 3022 596 3066 cum
625 3000 723 3086 super
753 2999 1008 3068 rationabilibus
1039 2995 1229 3084 disciplinis

111 3081 276 3151 reluctari
305 3091 376 3150 non
395 3084 573 3161 definiat,
592 3099 640 3148 ¹et
669 3098 728 3148 aut
747 3083 804 3148 viii
824 3097 884 3148 aut
903 3103 1078 3168 nunquam
1100 3075 1230 3148 domari

113 3172 157 3234 ab
190 3167 239 3250 eia
259 3165 400 3254 poffint3
432 3183 611 3255 motusque
632 3165 848 3233 rationabiles
868 3164 1127 3252 ferociimpetn
1149 3162 1230 3230 ‹tita-

113 3251 214 3316 niars
238 3251 369 3337 semper
389 3265 558 3337 appetant.
610 3251 699 3316 Sunt
718 3263 888 3338 praeterea
909 3249 945 3316 in
972 3248 1109 3314 animali
1128 3245 1230 3314 ratio-

115 3333 226 3400 nabili
247 3332 376 3400 occulti
398 3334 533 3418 quidam
554 3349 685 3409 motui,
716 3333 839 3421 quibus
861 3332 1004 3401 maxime
1025 3353 1149 3421 corpus
1169 3325 1230 3397 libi

115 3421 355 3498 conjunctum
372 3415 596 3491 administrat,
627 3431 668 3482 et·
689 3417 766 3482 sunt
793 3417 830 3486 in
861 3415 969 3482 activa
1000 3431 1034 3480 et
1065 3414 1235 3486 nutritive

143 3517 214 3564 arte
236 3500 368 3566 animae
390 3499 598 3578 constitutae.
635 3501 704 3585 Qui
724 3499 886 3587 ‚quoniam
909 3499 1054 3566 naturali
1067 3498 1231 3566 facilitate

115 3523 178 3678 ipa
198 3599 365 3671 peragunt
386 3581 511 3658 officia,
536 3597 570 3648 et
590 3585 679 3682 quasi
694 3585 857 3668 latenter;
879 3583 958 3670 quia
973 3583 1104 3648 animae
1119 3581 1231 3648 inten-

35 3677 50 3706 ·
118 3679 267 3741 tionem,
288 3668 383 3733 utillo
406 3670 508 3732 modo
529 3666 829 3754 sollicitant'atque
867 3670 1054 3738 erturbanti
1077 3667 1230 3732 litamen

119 3745 296 3833 integritas
313 3765 454 3818 naturae
468 3750 650 3818 incolumia
663 3749 822 3830 extiterit,¹
874 3750 1100 3837 entiquodaiii
1116 3763 1234 3816 meatu

120 3833 329 3915 corporalem
349 3833 559 3900 harmoniam
582 3849 819 3920 penetrantes.
842 3855 878 3898 re
905 3832 1016 3932 tiliana¹
1037 3829 1235 3921 appellatio-

119 3931 220 3987 uem,
251 3933 321 3980 non
351 3915 625 3985 irrationabiliter
654 3939 817 3984 tumuere.
894 3931 1020 3988 setene.
1040 3939 1122 3992 uero
1153 3913 1233 3984 ani·
1360 3937 1371 3953 ¹

118 3993 286 4094 malibus.
320 4016 453 4144 praeter
481 4002 587 4100 loluip
618 3999 812 4076 homiaem,
844 4019 894 4098 ex·
913 4000 1021 4066 tribus
1044 3995 1231 4101 praedietis
1304 4073 1316 4100 ἱ

117 4081 290 4155 montis,
343 4105 388 4149 uo
409 4099 542 4152 tantuin
562 4085 697 4182 inlunt3
726 4104 816 4184 unes
836 4087 974 4171 quidem
995 4105 1055 4174 qui
1075 4083 1112 4152 in
1134 4079 1231 4148 lenti·

114 4159 247 4278 bilibus
277 4161 322 4284 eli
348 4165 484 4254 proprie
513 4165 657 4238 rationis
677 4187 845 4257 regimme
864 4188 1002 4284 cums,
1033 4190 1074 4238 ac
1092 4179 1232 4258 propter
1275 4179 1289 4254 j
1407 4227 1410 4238 .
