2890 4820
1024 263 1133 322 xxvn
1230 247 1233 254 ’

65 429 127 496 ulit
142 441 174 492 et
191 423 347 514 appetito
366 422 526 492 tantalico
547 421 674 510 puniri,
689 416 734 499 ii)
760 419 965 490 Postremum
987 420 1135 492 animad-

66 527 160 588 vertat,
180 509 310 574 laeculo
326 527 420 572 nouo
434 504 644 592 chriilianam
662 503 869 580 doctrinam,
895 527 980 592 quae
992 505 1034 574 rle
1046 509 1135 594 dam·

69 611 183 662 natorum
210 590 255 658 eli
285 581 491 690 suppliciis(
506 583 661 660 nondum
694 605 763 654 tam
793 604 949 654 accurato
980 591 1135 674 ecclefiae

71 683 184 764 dogmate
222 673 397 742 defimtam
437 691 471 740 et
496 673 660 740 firmatam
677 671 802 760 ⁸suillo.
843 693 944 757 quam
975 671 1134 766 deinceps

69 763 159 828 teuto
188 775 236 840 13.
264 780 326 844 per
356 755 540 824 concilium
569 755 792 824 Lateranenle
820 772 976 853 quartum
1007 756 1136 824 factum

68 845 99 908 ai
133 845 226 931 Quod
254 864 295 906 ex
327 839 428 928 ipfiuo
448 841 614 930 Erigenae
635 839 748 904 verbio
770 835 941 904 clanffime
962 855 1066 926 patet.
1091 835 1135 918 ⁸⁴)

64 931 141 992 luno
180 941 286 992 taeter
306 923 490 1011 Origencm
513 926 613 990 etiam
639 925 705 988 Gre
730 920 820 1004 orius
841 923 1023 1005 Nyllenuo,
1059 924 1137 988 G're·
1175 927 1182 938 “

63 1011 147 1097 goritu
195 1007 413 1085 amanzenas,
436 1007 593 1084 Baliliua,
618 1024 652 1073 et
672 947 741 1094 ipio
762 1007 950 1070 Ambrofiua
969 1022 1002 1070 et
1017 1005 1137 1074 Hiero·
1170 1067 1172 1072 .

61 1088 921 1260 tottii}2¹:333‘tlzdrsstzsslm'tttlsslllt
934 1091 1135 1238 tntilli·

106 1261 260 1346 Postquam
288 1261 375 1324 haec
403 1261 445 1324 de
473 1257 639 1346 Erigonae
666 1255 754 1333 vita,
795 1257 912 1320 indole
941 1271 975 1322 et
1004 1255 1136 1356 scriptia

63 1341 384 1416 commemoravimus,
414 1337 791 1427 limulqueteliimonia
822 1339 863 1402 de
895 1358 936 1403 eo
964 1337 1136 1406 aclarrffi·

63 1426 108 1490 uir
131 1425 203 1490 viria
229 1421 407 1524 praeteriti
436 1441 470 1490 et
497 1423 602 1514 magia
633 1423 733 1488 etiam
762 1419 944 1508 praesentia
973 1421 1136 1512 temporit

65 1509 110 1572 lata
128 1511 340 1583 adduximus,
362 1529 426 1573 nec
449 1507 562 1574 minua
583 1505 786 1594 graviffimaa
807 1503 1034 1586 incusationes
1056 1528 1136 1574 con·

66 1607 101 1654 tn
121 1597 182 1674 ejua
204 1591 328 1690 placita
361 1589 527 1656 factitatas
547 1591 794 1690 recensuimus.
828 1587 947 1686 lectori
967 1591 1136 1690 benevolo
1191 1593 1197 1600 '

64 1673 437 1846 tlmlttlsslld'ffr
460 1675 1136 1844 lllltitillatio‘tltlltlt
1210 1721 1218 1728 ’

66 1859 123 1904 cura
145 1840 203 1906 luit
232 1861 396 1929 purgare,
427 1841 608 1914 tradimur,
636 1837 841 1927 potiffimunt
865 1839 999 1904 eumin
1021 1840 1136 1916 finem,

66 1937 94 1984 ut
114 1945 205 1990 norae
233 1941 267 1990 et
292 1921 492 1988 accuratiori
513 1922 724 2011 inquisitioni
748 1925 788 1987 de
810 1921 937 1988 meritis
958 1919 1024 1988 viri
1044 1945 1137 2012 prae·

67 2005 140 2081 clari.
164 2005 217 2096 qui
237 2023 308 2072 tam
331 2005 391 2072 diu
411 2027 545 2072 rumore
566 2002 718 2094 flagravit
737 2005 881 2080 finistro,
912 2003 1022 2072 ansani
1043 2028 1137 2094 prae-

66 2087 177 2154 berunt.
217 2089 381 2157 Conferat
403 2111 500 2188 ergo,
523 2091 688 2154 benevole
708 2089 835 2164 lector,
859 2089 993 2172 systema
1015 2091 1057 2156 de
1078 2113 1137 2172 na-

70 2185 137 2235 turae
154 2171 309 2240 divifione
330 2174 369 2238 ab
391 2174 536 2262 Engena
583 2173 764 2258 ropofiturn
787 2193 864 2235 cum
887 2173 996 2236 ethica
1016 2166 1140 2258 'Spino-

69 2256 248 2344 mediisque
267 2255 498 2322 recentiorum
521 2197 746 2339 l'yRematibus
793 2253 1005 2328 antheillicio,
1028 2270 1072 2332 et.
1084 2255 1137 2322 uti
1173 2271 1178 2280 ⁴

70 2358 113 2400 not
130 2338 246 2426 quidem
268 2338 469 2438 opinamur,
493 2339 748 2412 animadvertes,
768 2279 880 2426 ipecie
898 2343 1137 2434 ,tantummodo

69 2439 139 2486 terre
155 2439 184 2486 et
194 2444 363 2512 genuinae
385 2425 558 2502 cujusdam
581 2421 610 2483 sa
638 2419 762 2484 ientiae
785 2420 920 2486 divinae
942 2437 1009 2488 tam
1031 2424 1139 2492 multa

70 2515 141 2588 atque
156 2509 315 2590 praeclara
336 2504 473 2594 ingenia
519 2503 592 2570 otui
619 2526 637 2568 e
658 2503 794 2579 leduci;
822 2507 914 2592 quod
936 2505 1013 2570 lane
1037 2507 1138 2574 mini-

70 2607 108 2650 ue
135 2589 243 2654 lactum
274 2588 406 2664 milret,
448 2530 516 2652 niti
537 2585 702 2678 Erigonae
731 2586 940 2676 aliorumque
968 2586 1139 2672 systemata

68 2669 147 2734 uultu
163 2677 277 2754 majore
297 2671 532 2760 profunditate
548 2717 557 2745 ,
589 2669 690 2756 'copia
711 2685 746 2733 et
765 2670 890 2735 mentia
911 2673 1067 2738 acumine
1086 2673 1137 2740 in·

70 2749 157 2838 ignia,
175 2757 331 2846 simulque
353 2753 538 2842 christiano,
552 2751 702 2842 dogmati
722 2753 828 2840 magia
847 2776 1014 2842 congrua,
1062 2780 1136 2846 top·

71 2847 106 2896 ter
125 2853 294 2926 temporum
317 2835 481 2904 invidiam
505 2853 573 2904 taut
596 2837 722 2902 multoe
747 2858 784 2902 ae
809 2837 936 2905 ualiuna
957 2841 1040 2904 latur
1068 2832 1136 2914 esni.

71 2917 122 2982 llio
140 2921 189 2988 uio
219 2924 309 2990 enirn
342 2937 433 2988 certo
464 2920 611 3008 Erigone
638 2915 769 3008 ingenii
787 2859 842 2984 ini
865 2921 1039 3008 splendore
1061 2923 1137 2990 ilion

70 2943 163 3067 nain
180 3023 209 3069 et
229 3005 442 3072 obscurallet.
487 3005 664 3101 Speremus
686 3018 816 3076 tamen,
840 3003 912 3068 fore
932 3021 971 3068 ut
992 3005 1137 3091 philolo·
1172 3075 1176 3082 ,

71 3083 127 3165 plia
143 3087 229 3152 nostri
250 3087 347 3165 aevi,
371 3087 565 3186 praesertum
588 3108 644 3164 ea,
668 3106 753 3172 quae
773 3085 917 3150 maxime
934 3088 1137 3173 speculativa

72 3164 102 3226 tl
117 3183 143 3230 et
160 3171 325 3238 dialectica
346 3187 472 3236 vrrtute
493 3170 615 3257 pollet.
639 3183 793 3253 atquae,
815 3167 987 3256 postquam
1001 3191 1136 3237 ornnem

72 3245 180 3331 speeiem
209 3254 393 3320 senlibilem
415 3271 448 3320 ot
468 3275 580 3316 veram
600 3253 826 3340 [incertamque
847 3251 1136 3345 imaginationem,

72 3347 198 3428 attotam,
209 3337 376 3403 historiam
399 3354 432 3402 et
447 3339 568 3423 dogma
581 3333 761 3422 pofitivum
774 3335 921 3434 reliquit,
937 3337 999 3401 uni
1012 3337 1140 3404 scilicet
1276 3353 1280 3363 ‘

72 3417 176 3482 uuouit
192 3422 365 3488 abstractae
381 3437 415 3486 et
431 3411 781 3512 adrovinoonotioni
797 3420 977 3485 universali
995 3423 1139 3500 addicta,

73 3499 157 3564 onnia
174 3503 276 3569 irene
298 3521 334 3569 et
355 3504 562 3591 excogitare,
591 3499 678 3567 nihil
699 3493 850 3589 accipere
873 3519 907 3566 et
930 3505 996 3568 fide
1015 3504 1139 3570 intelli-

73 3597 141 3660 gere.
166 3587 272 3652 omnia
306 3589 441 3663 tollere,
474 3585 561 3650 nihil
588 3605 715 3673 ponere
746 3586 857 3672 gestit,
895 3603 930 3650 ct
949 3591 1015 3667 jam
1038 3587 1075 3653 in
1097 3611 1139 3654 eo

74 3659 117 3738 est·
139 3681 172 3730 ut
192 3669 226 3734 in
249 3671 436 3737 absolutum
458 3668 588 3734 incidat
608 3667 837 3746 nihiliamum‚
868 3669 968 3736 etiarn
985 3695 1049 3770 per
1068 3671 1139 3737 Eri·

75 3763 150 3826 gtnre
166 3753 300 3848 placita,
335 3753 412 3843 qui,
447 3747 585 3819 notioni
604 3749 783 3816 universali
805 3768 839 3817 et
861 3751 1054 3821 dialecticae
1075 3755 1138 3820 arti

35 3893 36 3936 1
76 3845 189 3910 quantu
217 3837 348 3910 faveat.
379 3853 491 3902 tamen
519 3855 585 3900 neo
612 3833 799 3911 historiam,
823 3857 897 3901 nec
917 3837 997 3903 fidei
1019 3841 1139 3928 dogma

35 3949 36 4004 l
77 3929 123 3976 otc
138 3917 267 4002 speciem
284 3919 447 3988 vifibilem
469 3917 611 3988 omnino
633 3918 755 3984 delerit
776 3933 810 3984 et
831 3921 974 4009 abnegat
989 3925 1042 3988 vel
1061 3943 1141 3990 con·

35 4083 776 4268 'uananafflut
