2952 4824
185 321 187 326 ,
288 241 343 328 ,62
621 235 1104 352 nemoralium„
1169 218 1174 232 ’
1239 239 1254 252 ‘

265 447 359 516 με
379 423 435 494 est.
454 399 531 490 ‘Est
549 421 662 492 autern
684 412 795 494 crinin.
838 424 917 492 lsoo
939 421 1017 491 esti
1042 421 1110 488 'tur
1130 418 1264 509 corput.
1297 421 1403 496 item,
1459 435 1460 450 ¹

293 533 377 578 num
399 523 435 574 et
454 499 554 576 assela
576 509 636 585 eli,
658 525 694 575 et
713 530 785 592 non
807 505 1021 596 corporaliae
1089 506 1145 572 Est
1162 521 1275 590 autern
1294 493 1408 570 obbia.

136 617 141 634 ·
228 653 238 662 .
292 593 518 678 Incorporalia'
544 592 661 680 igitur.
711 591 899 658 Maximum
920 591 1042 678 itaque
1075 613 1110 655 ar
1193 605 1312 654 entunr
1353 587 1410 662 ess,

292 679 665 850 ttlltlgllzssltt
678 677 1017 850 illustratet:
1043 671 1410 851 {lluttttbltt

290 859 406 911 totum
437 845 607 932 quoddam
632 842 675 908 in
696 859 807 931 parter
829 841 1006 929 separatur.
1049 845 1208 926 Itemque
1223 843 1357 928 corpur·
1371 857 1409 934 ¹!¹

320 926 447 994 artibus
479 925 546 991 suia
569 940 679 990 totum
703 949 774 992 non
797 926 851 992 est.
893 927 933 991 ln
950 923 1064 1014 capite
1085 922 1194 998 enim,
1224 923 1283 987 seu
1301 941 1411 986 manr-

292 953 378 1086 bue‚
399 1009 607 1097 pedibusve,
644 1019 756 1076 tot'nm
777 1031 900 1098 corpur
920 1029 992 1074 non
1014 1003 1323 1094 comprehenditura
1366 1005 1412 1068 Et

296 1096 342 1162 est
362 1099 471 1174 majus
492 1093 530 1160 in
553 1093 711 1162 omnibns
733 1092 800 1158 suia
823 1091 1109 1181 partibuasamult
1133 1089 1351 1155 minue'vero
1372 1085 1411 1152 in

294 1179 343 1244 lin
391 1175 433 1244 lia
453 1198 525 1243 non
546 1177 654 1244 simul.
699 1175 920 1242 Econtrario
942 1191 1056 1240 autem
1077 1164 1177 1242 obesa
1197 1188 1270 1238 tota
1290 1169 1328 1234 in
1348 1171 1413 1234 srn·

293 1199 391 1412 asti
408 1259 476 1326 suia
499 1259 616 1334 sonnio
637 1256 878 1347 speciebusque
900 1259 963 1323 est:
986 1280 1051 1324 nec
1070 1261 1178 1338 major
1198 1255 1235 1321 in
1250 1252 1412 1320 omnibus

355 1345 392 1410 ul
420 1343 591 1419 collectis,
626 1365 692 1409 nec
721 1343 834 1410 minor
865 1342 903 1408 in
930 1341 1068 1432 lingulis
1094 1341 1168 1416 ase
1189 1336 1339 1404 invicem
1360 1335 1413 1400 di·

202 1479 206 1488 ,
295 1427 407 1494 versu.
455 1428 536 1492 Non
566 1425 659 1492 enim
691 1449 743 1492 am
769 1425 834 1494 lior
866 1425 910 1490 est
938 1422 976 1490 in
1004 1421 1246 1513 generalissimo
1276 1441 1412 1508 genere,

223 1551 225 1556 .
296 1532 399 1658 guam
429 1509 467 1576 in
496 1451 767 1597 specialissimas
1031 1507 1039 1524 ‘

759 1509 873 1598 pecie:
905 1529 971 1574 nec
992 1529 1105 1574 mmor
1126 1505 1163 1572 in
1185 1501 1416 1593 specialiffima

337 1593 425 1670 ecie,
458 1615 559 1681 quam
588 1593 627 1660 iu
656 1591 903 1681 generaliffinro
933 1614 1067 1680 genere.
1108 1591 1155 1654 Et
1179 1605 1221 1652 ut
1249 1585 1416 1673 exemplis

252 1711 254 1720 ·
296 1619 451 1742 ubemur:
475 1667 576 1742 obesa
596 1697 668 1742 nou
691 1677 735 1741 est
754 1680 861 1756 maior
881 1674 918 1740 in
932 1675 1089 1741 omnibus
1101 1671 1415 1768 bominibuaquam

296 1759 335 1824 in
357 1781 428 1824 uno
449 1759 608 1834 homine,
632 1781 698 1825 nec
719 1759 832 1824 minor
853 1759 891 1824 in
913 1781 984 1824 uno
1005 1758 1147 1824 homine
1166 1776 1268 1842 quana
1288 1775 1326 1816 rn
1346 1774 1416 1817 orn·

296 1841 630 1908 nibueuhorninibuo.
676 1845 755 1908 Non
776 1844 821 1907 ess
841 1846 948 1920 major
967 1842 1011 1904 in·
1026 1860 1171 1922 genere.
1194 1837 1231 1908 in
1254 1854 1417 1930 queom-

296 1947 359 1992 nee
380 1923 507 2010 speclea
529 1925 733 1988 animalium·
748 1939 856 1982 unum
878 1918 974 1993 suno,
1022 1939 1099 1982 uam
1121 1916 1159 1982 in
1180 1919 1320 1981 bomine
1343 1919 1416 1983 solo

297 2010 355 2072 vel
375 2010 481 2082 bove,
503 2009 558 2072 vel
581 2017 679 2093 equo.
718 2003 792 2066 Nec
811 1999 924 2066 minor
943 1999 981 2064 in
999 1940 1056 2065 iia
1076 1999 1213 2088 singulis
1228 1999 1415 2086 speciebus,

320 2113 401 2156 uam
427 2091 523 2156 simul
550 2088 588 2154 in
618 2085 787 2154 obtnibua.
830 2087 915 2148 Item
948 2086 1080 2182 Corpus
1108 2083 1145 2148 in
1176 2099 1290 2170 partes
1308 2085 1417 2170 potest

291 2113 419 2248 secari,
453 2189 494 2237 ut
513 2189 625 2238 totum
647 2173 744 2234 suum
763 2183 888 2254 pereat.
931 2171 1031 2232 Verba
1055 2167 1180 2254 gratia,
1215 2169 1295 2235 dum
1316 2167 1416 2232 solvi·

297 2271 356 2320 tur
384 2255 422 2316 in
451 2251 523 2336 ipsa
550 2239 735 2326 elemeirta,
769 2273 809 2314 ex
833 2250 955 2336 quibus
977 2249 1180 2314 coeuntibus
1202 2250 1417 2335 superaddita
1446 2325 1451 2334 ,

299 2339 407 2402 sonna
435 2332 634 2410 conficitur,
674 2331 784 2398 totun'r
838 2333 912 2399 erit.
960 2331 1025 2398 Ubi
1055 2332 1147 2400 enim
1178 2349 1289 2420 partes
1317 2335 1416 2400 snnul

296 2439 371 2484 non
393 2416 488 2490 sunt,
512 2435 556 2480 ne
580 2438 624 2480 ue
644 2415 799 2502 propria‘
817 2437 908 2481 orrna
930 2415 1171 2491 continentur,
1195 2431 1306 2479 totum
1317 2419 1415 2484 simul
1463 2443 1464 2456 ¹

299 2503 364 2566 elle
384 2519 455 2566 non
477 2439 585 2584 patei
604 2497 642 2562 in
664 2499 775 2585 aliqua
795 2521 832 2562 re
852 2515 931 2563 actu
952 2515 986 2562 et
1006 2521 1026 2564 o
1052 2517 1126 2583 ere3
1151 2499 1303 2586 quamvia
1318 2501 1414 2566 fimul

298 2583 481 2648 videantur
519 2583 581 2646 else
615 2597 751 2646 naturae
783 2603 894 2646 rerum
924 2583 1014 2648 consa
1039 2581 1161 2646 erantb
1193 2582 1414 2670 cogitatione.

300 2667 369 2733 sed
391 2664 484 2730 aliud
506 2664 550 2728 est
569 2663 665 2730 simul
687 2665 750 2729 else
770 2665 964 2732 rationabili
981 2665 1245 2732 consideratione
1258 2683 1414 2746 naturae,

299 2763 387 2840 quae
408 2745 523 2814 omnia
543 2748 638 2812 fimul
658 2749 792 2830 semper.
806 2747 983 2813 intellectu
1004 2750 1082 2815 colli
1110 2749 1152 2824 't,
1191 2765 1225 2814 et
1248 2749 1415 2838 insepara-

298 2832 415 2902 biliter
436 2831 695 2918 comprehendit
715 2831 751 2896 in
774 2831 1041 2898 universitatemr
1066 2771 1159 2898 affuel
1180 2835 1272 2920 quod
1297 2855 1413 2921 opera·

298 2915 397 2981 tione
419 2937 437 2980 a
462 2913 570 2994 entia,
602 2931 662 2979 aut
683 2913 832 3001 pullione
877 2916 1012 2982 atientia
1033 2915 1207 2980 visibiliter
1226 2915 1263 2980 in
1284 2917 1416 3005 separa·

299 2999 398 3064 tione
442 3021 485 3062 eu
511 2997 714 3064 collectione
735 2939 938 3064 sensibiiium
956 2999 1107 3086 partium
1127 2999 1308 3098 peragitur.
1350 3005 1415 3066 Ra·

225 3129 230 3138 -
292 3081 351 3148 ¹tio
382 3081 545 3169 siquidem
574 3081 729 3148 omniunt
755 3104 974 3148 numerorum
1001 3083 1038 3148 in
1066 3082 1197 3158 unitate
1218 3085 1414 3148 inconcussa

227 3193 231 3200 ·
302 3166 364 3241 est,
393 3187 459 3232 nec
485 3165 601 3254 augeri
623 3165 746 3252 potest,
776 3187 842 3232 nec
862 3167 985 3231 minui.
1028 3167 1326 3252 Corporalenvero
1349 3189 1413 3231 nu·

300 3246 388 3316 meri
415 3249 474 3312 seu
497 3247 765 3334 phantasmatici
787 3265 821 3314 et
849 3249 964 3337 augeri
994 3248 1031 3313 in
1047 3247 1235 3314 infinitum
1265 3250 1412 3335 possunt,

301 3347 338 3396 et
368 3323 484 3395 minui
512 3347 552 3396 ut
579 3331 717 3418 penitus
746 3353 818 3400 non
853 3333 928 3397 sant.
972 3335 1016 3397 At
1035 3323 1238 3398 veruclata
1259 3331 1414 3419 quamvis

227 3429 231 3436 ’
301 3415 371 3480 sola
399 3413 532 3479 ratione
555 3411 592 3478 in
614 3435 736 3500 genera
756 3415 813 3480 sua
825 3415 1029 3504 speciesque
1049 3431 1083 3480 et
1103 3435 1270 3481 numeros.
1284 3415 1413 3482 divida-

248 3537 252 3546 ·
300 3489 374 3571 turi
406 3499 465 3568 sua
491 3501 611 3562 tamen‘
635 3499 782 3562 naturali
800 3498 928 3564 virtute
947 3498 1125 3564 individua
1148 3516 1339 3586 permanet,
1372 3507 1413 3566 ac

300 3582 396 3646 nullo
426 3595 505 3646 actu
524 3581 584 3645 seu
604 3581 803 3680 operatione
821 3581 944 3654 visrb'di
964 3583 1163 3670 segregatur.
1208 3585 1298 3648 Tota
1318 3582 1414 3648 enim

299 3665 395 3728 fimul
417 3679 452 3728 et
471 3665 657 3752 semper-an
680 3664 755 3730 suia·
769 3665 1052 3731 subdivisionibus
1074 3665 1285 3730 aeternaliter
1306 3681 1342 3729 et
1359 3663 1413 3730 in·

300 3745 587 3815 commutabiliter
606 3747 763 3826 subfislit,
781 3770 971 3838 nmneeque
991 3747 1231 3824 subdivisiones
1245 3747 1300 3812 sui
1313 3749 1414 3814 srmul

187 3903 190 3912 ,
300 3851 341 3898 ac
362 3831 495 3918 semper.
515 3829 553 3896 in
574 3830 679 3918 seipsa
699 3853 809 3898 unum
829 3825 1049 3920 inseparabile
1069 3833 1157 3898 sunt.
1198 3833 1308 3919 Atque
1330 3833 1413 3898 ideo

300 3915 360 3978 etsr
379 3935 525 4013 corpur,
547 3997 552 4003 .
583 3917 654 4014 uod
673 3913 829 4014 nihillell
849 3915 943 4017 aliut}
963 3939 1064 4005 quam
1086 3907 1206 3988 obolon
1227 3915 1413 4003 quantitas,

252 4021 255 4032 ·
301 4011 337 4063 et
362 4012 404 4062 ut
424 4019 539 4098 verane
598 4019 688 4076 cam,
722 4021 795 4068 non
811 4013 1009 4104 quantitas...
1038 4002 1097 4100 sed
1117 4013 1314 4099 quantumst
1333 4015 1416 4099 actu

294 4083 773 4257 aeternitaten
788 4085 866 4256 {u
884 4085 1076 4258 &nete
1096 4082 1416 4256 elitaret.
