2884 4820
84 481 184 566 Quae
204 479 273 546 fine
292 481 463 572 praeeedit
481 482 519 550 iu
540 475 669 550 Christo
691 497 842 570 tempore
862 483 959 560 faeta,

125 567 217 644 Dum
239 566 367 656 semper
384 583 483 636 uatua
504 582 627 634 cuncta
648 580 756 632 ereata
777 565 881 632 ridet.

84 647 197 731 Quam
219 647 317 738 super
337 649 472 718 effertur
493 651 624 720 sauctus
645 647 777 726 ratione
797 651 944 738 regentia

127 729 289 816 Spiritus,
310 749 351 799 ut
370 734 474 800 [acrae
494 733 681 799 vivificaret
709 747 819 820 aquaa'.
1058 741 1061 748 ⁴

85 817 138 880 An
164 813 285 882 dicum
306 839 484 882 numerum
504 817 698 904 superorum
718 816 817 881 eastra
837 830 1010 902 tenentem
1106 835 1109 844 ⁴

160 895 311 981 pustituit
330 903 459 966 mundo
482 917 610 965 caetera
631 919 782 986 quaeque
802 897 910 964 videa.

86 980 252 1130 Qtpffiul
263 983 428 1132 prirpaten
450 984 622 1064 hominem
635 981 818 1130 ‘gaudiia'
834 967 977 1047 haliebat

228 1085 307 1131 reru
343 1084 454 1133 aetum
475 1083 589 1132 ruente
610 1088 645 1129 vr
671 1087 724 1130 ere
777 1086 866 1129 eum.

85 1139 185 1210 Hanc
206 1149 309 1216 homo
331 1152 530 1237 praeclaram
555 1148 698 1236 speciem
720 1170 793 1214 com
819 1150 941 1212 lettere
962 1152 1092 1224 nolent,

131 1227 343 1308 Cdrruit,'et
387 1236 491 1299 rolern
513 1233 613 1298 traxit
637 1233 678 1298 ad
698 1231 765 1296 ima
800 1253 888 1295 uam.
1018 1271 1021 1280 ·

87 1313 156 1376 Sed
176 1334 220 1378 ne
242 1331 334 1380 tanta
355 1257 421 1382 iiei
441 1317 578 1405 penitus
598 1314 754 1381 transiret
773 1313 895 1401 imago,

131 1397 227 1462 Hanc
248 1399 391 1486 speciem
412 1399 560 1466 hominia
581 1399 697 1480 coepit
718 1399 839 1462 habere
859 1399 962 1462 Deua.

88 1477 181 1542 Hinc
201 1497 300 1548 natue
320 1486 470 1565 mundo,
491 1484 599 1572 paffua
622 1485 679 1547 sub
700 1483 776 1568 iege
796 1481 970 1558 malorum,

130 1563 242 1628 Morte
263 1566 320 1632 sua
343 1584 486 1634 mortem
507 1565 656 1654 perdidit
677 1564 747 1651 ipse
767 1585 888 1634 meam.

88 1643 168 1728 Quo
190 1647 283 1724 sunt,
306 1673 374 1738 quo
394 1649 533 1726 vivunt,
557 1671 624 1736 quo
645 1649 747 1723 stant,
793 1669 838 1712 uo
860 1663 981 1714 cuncta
996 1648 1188 1730 morentur,

130 1729 189 1793 Ille
209 1733 302 1796 Deua
323 1733 484 1808 moritur,
508 1732 602 1796 vivat
621 1748 661 1798 ut
681 1731 692 1794 i
719 1731 751 1796 se
770 1669 887 1796 ionio.

88 1811 218 1878 Ordine
237 1816 419 1904 multiplici
440 1817 585 1902 lignatus
605 1756 757 1900 patriiur
779 1813 860 1879 olim
891 1855 893 1860 ·

89 1954 96 1962 .
128 1897 296 1962 Mactatur
315 1899 401 1994 legi,
423 1898 557 1960 vatibus
579 1911 613 1958 et
634 1895 777 1959 canitur.

87 1976 155 2042 Hic
179 1979 287 2042 fuerat
308 2001 392 2043 anea
413 1979 547 2063 speculo
568 1977 720 2062 provisus
744 1979 785 2040 ad
806 1999 905 2054 aram,

127 2063 219 2124 Dum
240 2060 373 2146 typicus
395 2061 507 2125 Isaach
528 2057 664 2133 ducitur
683 2061 725 2124 ad
744 2061 909 2144 jugulum.

87 2143 113 2205 F
115 2141 257 2207 estinana
277 2143 424 2230 populus
446 2145 598 2228 Aegypto
619 2145 713 2206 hunc
734 2142 890 2206 sumserat
910 2163 1044 2229 agnum,
1082 2207 1087 2218 ,

132 2224 303 2312 Sanguine
324 2227 547 2312 conspergens
566 2226 685 2290 limina
706 2240 786 2288 nota
810 2226 941 2290 domus.

87 2308 154 2373 Hic
178 2309 272 2383 fona.
294 2308 404 2395 virga,
425 2325 539 2396 petra,
563 2308 706 2373 caelestia
728 2308 839 2393 fulgor
859 2311 1072 2386 obumbrant,
1204 2379 1208 2384 ,

120 2393 290 2478 ,δεφεηὴ
314 2407 348 2456 et
367 2413 508 2468 manna,
531 2395 642 2468 nuba,.
660 2389 732 2466 via,
755 2389 871 2478 panis,
894 2413 978 2480 aqua

88 2473 185 2539 Talia
205 2474 302 2560 saepe
322 2474 387 2540 Dei
410 2477 495 2553 juffu
518 2476 576 2540 sub
599 2490 749 2560 tempore
770 2475 857 2537 freta
888 2543 893 2556 Ι
1015 2513 1019 2521 ‚
1147 2519 1150 2527 .

130 2561 310 2622 Aeternum
334 2558 509 2624 dominum
530 2558 714 2644 significare
734 2555 841 2622 suum.
940 2591 942 2596 v

90 2643 228 2726 Hacque
248 2639 385 2726 impleta
407 2641 461 2706 die
482 2641 572 2704 sacro
594 2661 793 2703 veneramur
813 2643 954 2717 honore,
1074 2661 1076 2666 ’

129 2723 189 2788 lua
211 2721 281 2788 diae
303 2737 395 2786 tanta
416 2722 549 2804 mystica
571 2723 658 2786 facta
681 2738 783 2785 tenet.

89 2809 187 2872 Hanc
206 2808 353 2870 mundus
376 2805 491 2892 prodit
515 2807 730 2892 congaudena
751 2805 828 2866 luce
850 2805 969 2870 decora

129 2889 317 2975 Florigeroa
337 2904 448 2953 mutua
469 2885 576 2952 mittit
595 2887 633 2952 in
655 2888 766 2951 aethra
788 2886 874 2951 fuoa.

91 2971 250 3040 Germina
294 2974 478 3046 roduoenr,
500 2972 658 3036 florentes
679 2968 829 3056 gramine
851 2969 990 3046 fructur.

41 3059 45 3066 '
131 3057 217 3120 Nam
240 2995 386 3120 Ciristue
408 3053 536 3118 inrctua
558 3053 664 3118 dulcia
686 3052 811 3138 ubique
833 3051 910 3116 fuit.

91 3136 242 3202 Surrexit
262 3136 426 3212 Christus,
448 3137 554 3201 nostra
576 3136 657 3200 hinc
678 3135 734 3222 pia
756 3137 856 3200 corda
877 3136 1047 3212 resultant,

131 3221 271 3300 Alleluia
293 3223 366 3284 Deo
387 3222 534 3296 mundus
555 3217 681 3304 ubique
703 3217 805 3282 canit.
834 3281 841 3296 ,
1125 3217 1130 3230 ’

92 3306 220 3385 Inclyta
244 3302 302 3390 qui
323 3325 440 3389 regum
464 3319 497 3368 te
517 3322 575 3366 rex
596 3302 770 3366 conservet
789 3299 826 3364 iu
848 3321 977 3378 aevum,

131 3386 272 3471 Prosper
292 3390 476 3460 concedam
499 3383 581 3449 hinc
603 3385 700 3470 super
721 3384 800 3447 astra
820 3385 931 3448 vehar.

95 3469 163 3555 Qui
185 3467 244 3534 sub
265 3471 394 3534 honore
415 3468 463 3532 sui
486 3465 606 3531 humili
622 3489 708 3532 ‹curu
731 3469 831 3531 corde
854 3488 994 3534 canoros

136 3553 288 3616 Altemoa
308 3550 438 3626 statuis,
460 3549 571 3637 psallis
593 3549 743 3636 etipse,
767 3552 899 3614 choros.

97 3635 290 3708 credimur,
311 3631 368 3698 ista
390 3632 453 3699 tibi
474 3633 645 3698 servantur
665 3629 813 3698 culmine
835 3631 929 3706 caeli,

133 3719 237 3782 Herea
259 3715 434 3781 davidicus
455 3715 598 3784 efficiere
620 3715 708 3802 piua.
997 3724 1000 3734 ‘

94 3803 227 3893 sspoueu
261 3801 302 3888 ἧς
321 3799 468 3888 petimur
489 3799 578 3864 retia
600 3813 635 3862 et
654 3800 754 3863 corde
798 3817 960 3874 tucamur,

135 3882 205 3972 Qui
250 3881 320 3950 edit
339 3886 405 3949 hoe
426 3883 531 3958 velle,
554 3883 612 3946 det
630 3879 693 3946 tibi
712 3902 758 3966 po
784 3903 803 3944 e
822 3885 925 3946 Deua.
968 3906 970 3915 ·

94 3965 248 4038 Βασιλέα
268 3962 413 4059 Καρόλω
435 3961 528 4057 {judu
551 3959 592 4031 uir
614 3963 738 4055 Xprure*
758 3962 890 4054 βοὴθὲι,

131 4051 202 4126 Ὡς
223 4048 434 4142 κληροῦσθαι
455 4045 589 4140 χοροῢς
614 4043 758 4120 δυνατὸς
779 4041 966 4140 οὐρανίους.
992 4048 1016 4126 ¹)

129 4231 156 4299 l)
166 4230 226 4284 Hoc
234 4229 301 4284 itera
308 4227 445 4286 dielichen
455 4231 528 4284 recia
538 4245 580 4302 ap.
589 4230 667 4301 plora.
677 4231 728 4284 lut.
740 4230 802 4294 eit,
815 4228 865 4296 ¹fed
873 4229 1017 4299 utrubique
1025 4223 1191 4282 tuendorum.
1209 4189 1210 4194 ¹
