3038 4832
464 253 588 327 *laidct'
606 254 806 326 &nurse
1127 255 1201 326 109

105 443 183 508 tium
210 443 301 529 quorl
328 439 419 506 inter
442 442 583 530 globum
606 455 716 506 terrae
736 421 927 587 chorusque
946 439 1108 518 liderum,
1145 461 1199 506 ex.

105 541 303 612 tremumque
322 523 443 599 mundi
465 523 629 606 ambitum
649 525 686 590 in
708 524 821 590 medio
844 547 863 589 e
903 523 1137 602 constitutum,
1160 525 1198 590 in

104 613 174 674 durs
204 614 313 695 partes
343 605 386 672 est
417 608 664 696 asapicntibus
685 607 806 672 mundi
829 607 1031 695 divinaeque
1053 609 1201 694 Scriptu-

104 713 150 758 rae
173 691 336 756 divisum:
358 690 500 757 inferior
520 691 612 758 enim
632 713 708 778 pars
730 713 749 755 a
770 707 857 756 terra
873 713 980 778 usque
998 695 1041 756 ad
1056 696 1199 767 Lunam,

106 786 151 842 adr
172 775 312 850 dicitur,
335 778 403 839 hoc
423 776 467 839 est
487 776 504 839 l'
524 775 640 839 iritusr
663 770 814 861 luperior
832 796 914 839 vero
936 797 955 838 a
976 779 1073 838 Luna
1093 795 1201 872 usquc

106 863 138 923 ad
167 859 281 942 lydera
302 873 470 923 extremae
505 862 665 945 phaerae,
697 861 826 934 aether,
859 858 896 922 id
918 858 963 921 est
982 879 1087 944 purus
1107 857 1201 944 lprri·

106 959 167 1016 turs
200 945 316 1006 ambae
337 957 449 1006 autem
469 939 603 1026 Kaous
625 963 644 1005 a
665 941 821 1018 Graecis,
852 963 998 1006 vacuum
1019 942 1078 1005 [eu
1098 941 1202 1006 inane

105 1047 121 1090 a
144 1025 269 1089 Latinis
291 1027 476 1090 vocs'nturt
511 1026 568 1090 led
613 1024 797 1090 urillimurir
819 1023 1029 1090 olariffimum
1053 1045 1097 1089 ue
1116 1025 1203 1089 illud

103 1108 240 1194 superius
263 1108 407 1194 spatium
429 1049 755 1196 constaulllperioris
777 1109 841 1173 elle
860 1124 1018 1182 naturae,
1031 1047 1200 1174 lereniffi·

104 1213 202 1267 num,
235 1208 442 1277 aeternoque
461 1191 593 1256 lileutio
637 1191 789 1268 uietum,
824 1189 974 1277 exceptis
995 1189 1201 1257 harmonicis

105 1274 270 1340 cantilenis
292 1274 590 1362 consonantiisque
610 1215 846 1352 innotarum,
872 1291 1202 1360 omnemterrenum

104 1375 133 1422 et
155 1360 329 1424 mortalem
360 1359 491 1423 leolum
520 1374 680 1424 tonorum
708 1357 1018 1446 semitonorumque
1045 1358 1202 1424 acumine

106 1443 266 1540 superans,
290 1441 556 1528 subtilillimique
576 1441 666 1529 ignis
687 1442 836 1508 motibus
858 1443 992 1519 labens,
1018 1441 1131 1506 diurni
1151 1443 1201 1506 lu·

105 1525 193 1590 urnis
217 1527 379 1613 plenum,
412 1541 542 1612 praeter
561 1523 814 1612 portiunculam
834 1545 934 1612 quarn
957 1527 1075 1612 umbra
1092 1540 1202 1589 terrae

105 1608 247 1684 obtinet,
286 1629 372 1707 quae
398 1630 468 1672 nox
490 1611 692 1696 appellatur,
724 1609 870 1698 ideoque
893 1607 1018 1674 dicitur
1035 1628 1200 1672 racuumt

104 1691 365 1768 necimmerito,
388 1692 549 1778 queniam
571 1691 666 1757 omni
686 1707 773 1756 terra
795 1693 961 1780 craffaque
980 1694 1071 1758 mole
1085 1705 1199 1766 ‘vacat
1245 1703 1252 1710 '

104 1777 249 1862 nulloque
268 1797 310 1840 co
353 1796 432 1840 oreo
454 1779 604 1860 pondere
626 1775 797 1862 impletur.
838 1778 1056 1841 Planetarum
1073 1773 1202 1840 etenim

105 1857 241 1922 leviffimi
274 1860 329 1945 glo
354 1857 367 1920 i
396 1873 431 1922 et
462 1858 625 1946 spiritales
658 1859 749 1936 lunt,
783 1875 817 1925 et
845 1860 925 1946 quia
956 1862 1050 1924 nulla
1070 1875 1203 1922 terrena

106 1941 250 2027 qualitate
285 1956 484 2028 gravantur,
516 1945 645 2006 nullam
666 1943 905 2024 obseuritstem
927 1943 1089 2008 efficiunt.
1134 1945 1203 2005 Lu·

106 2047 160 2088 nse
186 2023 350 2110 liquidem
369 2023 563 2090 ·humidltas
591 2027 769 2170 sordesque
794 2047 881 2112 quae
908 2025 1006 2090 in›ea
1027 2039 1201 2111 apparent,

106 2129 165 2172 uon
192 2129 230 2170 ex
251 2108 333 2170 luae
353 2123 494 2171 naturae
513 2107 680 2194 puritate,
729 2111 772 2172 ed
792 2130 833 2173 err
854 2123 1006 2172 terrenae
1025 2108 1124 2172 molis
1144 2127 1203 2169 va·
1323 2151 1328 2163 .

106 2190 227 2276 poribus
249 2210 337 2276 quot
361 2190 480 2254 Graeci
500 2189 654 2280 Δτμίδας
674 2205 815 2265 vocant,
852 2189 1080 2276 humidaeque
1101 2185 1203 2271 abyffi

107 2273 288 2348 vicinitate,
314 2271 456 2336 accidit:
486 2275 589 2353 hujus
612 2282 747 2360 quoque
768 2271 1027 2359 corpulentioris
1049 2271 1131 2336 aeris
1151 2271 1203 2334 in·

108 2355 292 2444 feriuntque
313 2355 515 2421 nebulosus
530 2371 565 2421 et
579 2355 783 2432 obscuritas,
804 2377 877 2421 non
892 2377 932 2418 err
947 2355 1205 2504 [οὶῧῐὲνὲοῐοθῖἰῗ
1319 2377 1334 2398 ··

108 2461 250 2538 aquarum
272 2455 503 2524 terrarumque
516 2437 780 2588 propinquitate
799 2439 968 2504 advenit„

109 2539 241 2586 nsscrtur
273 2526 394 2585 Lunae
417 2522 512 2586 humi
538 2523 601 2588 itas
625 2539 660 2587 et
682 2522 764 2588 aeris
784 2522 1010 2598 nebulosus,
1039 2521 1203 2587 tonitrua-

110 2627 181 2690 que,
202 2605 432 2690 fulminaque,
453 2605 593 2681 imbres,
615 2604 768 2704 pluviae,
790 2605 864 2682 nix,
888 2607 981 2692 gelu,
1002 2606 1089 2670 varii
1103 2608 1225 2692 flatus,

110 2687 303 2754 ventorum?
316 2723 322 2745 ι
336 2687 567 2754 nonaliunde
588 2690 650 2752 ntli
671 2711 711 2752 ex
733 2688 877 2753 terreuie
897 2687 1127 2776 aquaticisque
1146 2711 1203 2754 va·

109 2772 231 2855 poribus
252 2769 465 2836 occasionem
486 2771 670 2857 accipiunt.

163 2871 207 2932 17.
229 2853 329 2941 Quid
350 2875 429 2939 ergo
448 2854 573 2918 mirum
594 2855 619 2917 li
638 2852 870 2940 primordiales
890 2875 1003 2919 rerum
1022 2853 1204 2920 vifibilium

112 2939 210 3002 taulre
230 2954 341 3003 terrae
360 2935 473 3000 inanis
494 2952 529 3001 et
549 2957 676 3000 vacuae
695 2936 862 3001 vocabulo
880 2937 1021 3024 figurate
1034 2937 1205 3002 insinuen-

113 3033 172 3094 tur,
189 3043 269 3107 prae
291 3019 397 3084 nimia
418 3019 602 3084 subtilitate
621 3018 854 3104 ineffabilique
873 3018 1111 3084 intellectualis
1126 3023 1205 3084 luae

112 3117 234 3170 naturae
254 3101 486 3188 duplicitate,
514 3101 712 3200 priusquam
732 3099 770 3164 in
793 3121 915 3187 genera
937 3117 971 3166 et
990 3103 1113 3166 formas
1134 3105 1206 3168 len·

111 3184 271 3274 libilesque
300 3206 477 3261 numeros,
511 3207 548 3250 ιη
578 3187 700 3272 quibus
719 3182 827 3248 veluti
848 3185 1048 3271 quibusdam
1069 3185 1205 3251 nebulis

113 3269 267 3355 corporeis
290 3269 437 3332 senfibus
459 3283 635 3354 apparent,
657 3289 719 3354 per
734 3265 986 3352 generationem
1000 3269 1205 3354 defluerent3

112 3353 258 3501 ltliffl
278 3349 1206 3522 llll,illitttttllttsptlustitit}ll}
1280 3425 1288 3452 ·

112 3513 289 3607 incongrue
319 3540 360 3605 ap
387 3518 540 3581 ellantur.
584 3517 641 3582 Sic
668 3515 872 3602 sicquidem
893 3521 1092 3583 Poetarum:
1122 3523 1208 3582 Atra

112 3621 164 3678 per
185 3625 325 3667 euersum
342 3539 440 3696 saltu
455 3601 650 3692 jaculabere
677 3621 804 3682 corpus.
858 3605 944 3666 Item
977 3601 1136 3689 Virgilius
1167 3601 1206 3667 in

112 3684 315 3752 duodecimo.
361 3689 438 3750 ditm
463 3687 554 3766 lapis
588 3679 661 3782 ipsc
678 3687 747 3748 uiri
765 3707 902 3750 vacuum
923 3707 985 3768 per
1004 3690 1100 3752 istunc
1117 3687 1209 3752 volst-

113 3779 167 3833 trrs.
205 3773 335 3834 Eadem
356 3765 444 3833 ratio
465 3769 509 3833 cst
529 3771 666 3833 altanus
685 3767 992 3854 interpretationis,
1015 3790 1102 3857 quae
1122 3769 1208 3836 dicit

112 3863 221 3919 tertam
250 3851 455 3918 invilrbilem
470 3851 803 3938 incompositamque
829 3853 935 3920 inille.
989 3853 1084 3939 Quid
1115 3853 1208 3920 euim
1317 3901 1324 3920 .

114 3933 195 4001 atius
218 3934 455 4002 rationabilius
475 3935 533 4000 ists
553 3933 764 4001 invisbittus
783 3937 879 4020 mysti
920 3959 940 4002 e
960 3947 1073 4004 terrae
1086 3937 1209 4025 fignifi-

113 4031 336 4168 ruse
356 4017 626 4169 ‘suffitu
839 3959 1021 4170 situ
1037 4036 1209 4169 mr:

114 4184 256 4254 cretione
282 4125 636 4267 :didondccolaiittrrrll
665 4150 804 4275 insupei
823 4127 927 4256 ¹elisatii
947 4125 1136 4277 iffi
1155 4184 1208 4252 iu-
