3036 4862
247 214 385 343 1’.976
520 218 522 226 Ι
641 224 897 366 ssessiciaiorte
917 265 1089 339 Naturae.

306 453 425 532 sentit,
448 454 584 522 dicenti
606 454 736 543 ..Aiunt
757 453 816 541 qui
839 453 956 522 divina
970 450 1105 538 mystice
1125 451 1340 538 allaquuntur
1353 451 1427 515 elo·

309 539 405 626 quia,
444 553 479 603 et
513 537 688 604 altioribus
725 551 890 625 quantum
918 538 1126 624 consequerio
1156 535 1200 599 eil
1230 533 1428 622 glorificant

306 621 615 706 speculationibus,
644 622 827 686 secundum
859 620 1042 708 imaginem
1071 616 1137 683 Dei
1169 615 1428 765 perxrineipia

307 706 434 771 sactum
455 704 629 770 bominem
652 704 768 778 fuiffe.
792 704 933 770 omnino
954 703 1124 769 nascendo
1144 701 1245 766 secun
1270 723 1328 766 um
1343 719 1428 786 pro-

307 791 452 877 positum
475 787 653 876 spiritum,
686 804 720 852 et
741 783 941 874 accipiendo
962 787 1147 852 secundum
1168 781 1430 848 similitudinem

307 895 370 959 per
393 871 637 954 observantiam
659 869 769 935 divini
789 869 940 934 mandati
986 872 1055 934 uod
1077 867 1136 932 fibi
1158 867 1311 936 futurum
1330 881 1426 932 erate

308 971 350 1018 ut
381 957 459 1020 esset
491 954 591 1019 idem'
617 957 720 1018 bomo
750 953 949 1040 figmentum
964 891 1044 1016 tiiei
1072 952 1255 1016 secundum
1285 949 1428 1037 quidem

308 1053 481 1103 naturam:
519 1038 608 1102 siliue
639 1051 750 1102 autem
784 1036 849 1101 Dei
881 1051 915 1102 et
935 1039 1029 1100 Deua
1045 1056 1109 1122 per
1130 1033 1283 1131 spiritum
1306 1033 1427 1096 seeun-

312 1124 394 1186 dum
423 1119 573 1220 gratiam.
617 1121 695 1186 Non
720 1119 815 1204 ,enim
847 1117 1000 1206 poffibile
1021 1133 1091 1182 erat
1112 1119 1207 1180 aliter
1227 1114 1336 1180 filium
1358 1114 1428 1178 Dei

310 1205 438 1270 ostendi
467 1219 501 1268 et
528 1207 640 1270 Deum
668 1205 853 1268 secundum
884 1201 1134 1273 deificationem
1167 1221 1207 1262 ex
1229 1197 1335 1285 gratia
1357 1199 1429 1262 sae·

310 1301 385 1352 tuni
412 1287 605 1352 hominem:
638 1285 701 1350 nisi
729 1286 823 1372 priua
853 1287 1037 1351 seeundum
1058 1281 1264 1381 propositum
1285 1301 1430 1346 naicen·

310 1383 382 1435 tem
409 1370 564 1458 spiritum
595 1391 655 1457 per
683 1372 863 1434 adunatam
894 1367 953 1434 sibi
982 1368 1179 1432 naturaliter
1206 1385 1267 1452 per
1286 1363 1430 1451 seipsam

309 1467 437 1520 motam
467 1469 502 1520 et
531 1453 675 1518 liberam·
708 1453 908 1540 potentiam.
952 1453 1062 1536 Quam
1086 1447 1241 1514 deificam
1262 1447 1430 1532 divinam·

311 1558 396 1622 que,
427 1552 462 1602 et
492 1535 746 1602 immaterialem
780 1533 993 1600 divinitatem
1025 1531 1294 1619 intelligibilium
1315 1545 1350 1594 et
1371 1551 1430 1594 oe·

310 1621 480 1686 cultorum
502 1623 665 1684 duntaxat
687 1622 855 1683 bonorum
879 1619 1032 1682 deserent
1050 1615 1179 1703 primur
1195 1617 1311 1689 homo,
1332 1633 1429 1699 prae-

309 1703 569 1768 honorificando
602 1705 694 1788 quod
723 1701 908 1766 seeundum
936 1701 1066 1764 sensum
1097 1713 1132 1762 et
1162 1695 1360 1784 delectabile
1383 1695 1430 1760 est

308 1795 347 1850 'et
366 1784 593 1859 manifestum,
625 1783 746 1848 merito
769 1803 809 1848 ex
832 1805 872 1849 eo
916 1781 1030 1850 oribus
1051 1781 1282 1867 indiipofitam
1303 1791 1337 1844 et
1358 1799 1429 1844 ma·

310 1867 461 1932 terialem
496 1881 531 1932 et
548 1865 815 1952 corruptibilem
844 1870 887 1930 lia
914 1887 968 1931 ere
999 1869 1175 1951 damnatur
1203 1865 1247 1928 esi
1268 1861 1428 1928 nativita·

309 1965 407 2015 tenir
441 1949 543 2038 digne
564 1954 638 2014 Deo
660 1949 850 2031 judicante,
880 1955 994 2038 pejora
1015 1947 1213 2012 melioribus
1234 1947 1432 2030 voluntarie

335 2050 579 2120 reponentem,
615 2033 653 2096 in
710 2033 871 2098 offibilem
894 2049 928 2097 et
949 2031 1103 2096 servilem
1125 2046 1159 2094 et
1180 2030 1431 2116 coangustatam

309 2057 513 2197 fecundum·
533 2116 670 2180 similitu
695 2115 787 2181 inem
824 2117 861 2180 in
891 2131 977 2180 terra
1003 2113 1286 2179 irrationabilium
1311 2116 1429 2177 bruto·

253 2263 255 2266 ,
309 2219 455 2288 rumque
479 2206 712 2281 jumentorum
746 2199 999 2287 generationem
1028 2197 1134 2262 libera
1163 2211 1198 2261 et
1226 2194 1428 2283 impaffibi'li,

310 2284 329 2347 s
351 2299 497 2348 ontanea
525 2299 560 2347 et
589 2283 671 2346 calla
704 2283 841 2346 alienari
871 2282 1068 2356 nativitate,
1107 2295 1142 2343 et
1172 2301 1235 2366 pro
1256 2279 1329 2366 ipso
1348 2300 1430 2344 eum

347 2387 387 2429 eo
411 2364 529 2429 divino
550 2380 584 2427 et
603 2364 769 2430 ineffabili
785 2369 933 2440 honore,
956 2363 1108 2430 euminfi
1135 2361 1284 2427 ientibue
1297 2367 1429 2441 jumen·

310 2447 356 2510 tie
384 2446 571 2534 ignobilem
605 2446 756 2533 recipere
777 2448 1051 2533 copulationem.
1095 2385 1171 2531 &ua
1191 2444 1365 2512 bominem
1387 2445 1428 2508 li·

310 2533 442 2605 berare,
466 2545 501 2593 et
522 2531 564 2592 ad
586 2529 738 2594 divinam
752 2529 1005 2594 ¹beatitudinem
1026 2529 1187 2592 reducere
1207 2531 1344 2602 volana,
1366 2549 1428 2592 na-

286 2615 422 2677 ‘turam
442 2609 622 2676 hominum
644 2631 780 2688 areana,
801 2615 946 2676 Verbum
968 2616 1071 2676 hoino
1094 2633 1133 2675 ex
1154 2610 1351 2676 hominibua
1369 2632 1429 2674 ve·

310 2715 348 2760 re
370 2695 409 2758 fit
431 2709 466 2758 et
485 2694 636 2758 naaeitur
657 2695 874 2781 corporaliter
896 2697 963 2759 fine
983 2711 1123 2782 peccato
1170 2715 1205 2759 er
1218 2693 1428 2758 hominem.”
1469 2767 1471 2770 ¹

311 2779 358 2842 Ut
379 2793 492 2842 autem
514 2797 696 2862 cognocere
719 2781 811 2864 quod
833 2799 903 2842 non
927 2801 967 2842 ex
988 2776 1117 2842 nobie-i
1145 2719 1184 2840 Hi
1202 2775 1429 2876 accipientem

310 2883 429 2924 verum
452 2881 493 2923 eit
514 2860 656 2946 praefati
680 2860 844 2934 auctoris,
865 2860 1016 2925 'Maximi
1037 2799 1216 2934 videiicet,
1246 2863 1427 2934 dracontea,

310 2943 486 3010 hominem
518 2941 663 3008 dicimus
694 2947 736 3008 de
762 2943 981 3030 ligno,vitae
1001 2965 1071 3008 non
1094 2943 1253 3030 gustasset,
1283 2943 1338 3007 sed
1358 2942 1429 3028 pri·

310 3047 407 3091 mum
434 3025 548 3090 cibum
578 3025 790 3090 mortiferum
823 3031 864 3091 de
893 3025 987 3112 ligno
1016 3025 1124 3089 vetito
1158 3023 1314 3111 primitur
1337 3025 1428 3090 sum·

310 3110 396 3185 sisse,
420 3125 455 3172 et
475 3112 517 3173 ad
540 3107 695 3173 divinum
716 3111 832 3172 lumen
853 3109 977 3172 mentia
993 3110 1131 3173 oculum
1147 3130 1219 3172 non
1234 3108 1426 3172 sublevasse.

310 3189 401 3256 Audi
429 3189 540 3276 ipsum
572 3190 609 3254 in
631 3191 787 3256 vicesimo
810 3207 931 3256 octavo
953 3191 1063 3277 capite
1087 3189 1332 3278 expositionum
1352 3211 1427 3254 ver·

310 3277 433 3338 borum
462 3271 617 3358 Gregorii
648 3274 835 3338 dicentem:
866 3274 981 3350 „Huic
1012 3273 1126 3360 itaque
1161 3271 1279 3338 divino
1302 3273 1429 3338 lumini

310 3359 432 3432 nolens
466 3357 596 3442 elevare
623 3359 760 3422 oculum
796 3355 927 3421 animae
947 3356 1076 3443 primue
1098 3371 1192 3442 pater
1212 3356 1430 3422 Adamceci·

313 3439 380 3514 dit,
414 3437 513 3500 instar
534 3436 655 3502 merito
679 3439 715 3503 in
738 3441 885 3505 tenebrie
906 3440 917 3503 i
943 3439 1117 3505 norantiae
1139 3441 1298 3504 ambabus
1318 3439 1427 3504 mani·

311 3523 375 3584 bue
413 3517 580 3583 materiali
610 3519 848 3606 immunditiae
880 3464 1090 3588 voiuntaiiae
1107 3525 1322 3598 adhaerent,
1363 3523 1428 3588 soli

310 3602 422 3667 sensui
443 3601 585 3700 seipsum
607 3618 717 3668 totum
738 3626 866 3690 pronua
887 3605 1041 3680 tradidit,
1067 3627 1127 3692 per
1148 3627 1249 3690 quem
1272 3589 1428 3670 amai-iffi·

309 3707 386 3750 mae
414 3685 534 3750 bestiae
561 3687 798 3772 corruptivum
821 3687 914 3753 virus
938 3687 1101 3775 accepit.”
1144 3691 1220 3754 Hoc
1240 3705 1354 3753 autem
1377 3688 1428 3754 di·

311 3767 378 3844 cit,
413 3767 573 3853 quoniam
597 3791 795 3856 corporeum
818 3773 948 3856 sensum
970 3793 1151 3868 perquem
1173 3773 1278 3836 Adam
1302 3773 1425 3858 decep·

310 3863 366 3915 tue
388 3851 450 3924 cst,
474 3850 509 3914 in
532 3852 638 3938 figura
659 3853 810 3918 mulieris
831 3855 906 3918 vult
926 3851 1082 3950 intelligi.
1113 3855 1199 3918 Nam
1221 3857 1312 3940 apud
1325 3857 1426 3920 Grae·

221 3950 224 3961 ·
311 3954 369 3998 eoa
390 3929 572 4024 αἴσθησις,
596 3934 632 4000 id
656 3937 717 4011 eil,
742 3937 855 4001 sensui
877 3934 1056 4000 foeminini
1077 3936 1209 4023 generia
1231 3937 1284 4002 est.
1329 3940 1428 4003 Ama-

310 4014 466 4080 rissimam
488 4039 567 4082 vero
590 4019 724 4082 bailiam
746 4019 917 4084 diabolum
941 4033 1055 4082 vocate
1081 4041 1147 4115 fer
1165 4041 1269 4106 quem
1291 4021 1427 4086 sensum

311 4119 509 4198 corporeum
539 4103 688 4166 humano
720 4102 834 4167 animo
866 4102 958 4166 virue
986 4101 1159 4200 nequitiae
1184 4103 1262 4168 suaa
1282 4103 1426 4170 inludit.

309 4185 445 4250 Deinde
477 4183 526 4248 ait
555 4187 665 4272 paulo·
685 4183 766 4273 poll.
809 4187 877 4262 „Et
906 4207 946 4250 ex
975 4199 1084 4252 vetito
1119 4185 1214 4274 ligno
1238 4186 1296 4252 eui
1319 4187 1425 4255 etiam
