<?xml version="1.0" encoding="UTF-8"?>
<!DOCTYPE html PUBLIC "-//W3C//DTD XHTML 1.0 Transitional//EN"
    "http://www.w3.org/TR/xhtml1/DTD/xhtml1-transitional.dtd">
<html xmlns="http://www.w3.org/1999/xhtml" xml:lang="en" lang="en">
 <head>
  <title>
</title>
<meta http-equiv="Content-Type" content="text/html;charset=utf-8" />
  <meta name='ocr-system' content='tesseract 3.04.00' />
  <meta name='ocr-capabilities' content='ocr_page ocr_carea ocr_par ocr_line ocrx_word'/>
</head>
<body>
  <div class='ocr_page' id='page_1' title='image "./dedivisionenatu00eriggoog_0475.png"; bbox 0 0 2970 4826; ppageno 0'>
   <div class='ocr_carea' id='block_1_1' title="bbox 301 261 1082 362">
    <p class='ocr_par' dir='ltr' id='par_1_1' title="bbox 301 261 1082 362">
     <span class='ocr_line' id='line_1_1' title="bbox 301 261 1082 362; baseline -0.006 -28"><span class='ocrx_word' id='word_1_1' title='bbox 301 261 385 346; x_wconf 74' lang='lat'>438</span> <span class='ocrx_word' id='word_1_2' title='bbox 439 285 447 308; x_wconf 73' lang='lat'>=</span> <span class='ocrx_word' id='word_1_3' title='bbox 574 349 580 362; x_wconf 31' lang='grc' dir='ltr'>ι</span> <span class='ocrx_word' id='word_1_4' title='bbox 634 265 688 334; x_wconf 85' lang='lat' dir='ltr'>lle</span> <span class='ocrx_word' id='word_1_5' title='bbox 708 263 890 336; x_wconf 78' lang='lat' dir='ltr'>llioa&#39;aione</span> <span class='ocrx_word' id='word_1_6' title='bbox 909 261 1082 334; x_wconf 70' lang='lat' dir='ltr'>Naaeae.</span> 
     </span>
    </p>
   </div>
   <div class='ocr_carea' id='block_1_2' title="bbox 174 444 1425 1540">
    <p class='ocr_par' dir='ltr' id='par_1_2' title="bbox 174 444 1425 1039">
     <span class='ocr_line' id='line_1_2' title="bbox 302 444 1423 532; baseline -0.004 -16"><span class='ocrx_word' id='word_1_7' title='bbox 302 447 420 516; x_wconf 76' lang='lat' dir='ltr'>bireti</span> <span class='ocrx_word' id='word_1_8' title='bbox 450 451 581 516; x_wconf 86' lang='lat' dir='ltr'>Decora</span> <span class='ocrx_word' id='word_1_9' title='bbox 611 448 702 515; x_wconf 88' lang='lat' dir='ltr'>enirn</span> <span class='ocrx_word' id='word_1_10' title='bbox 732 465 767 516; x_wconf 90' lang='lat' dir='ltr'>et</span> <span class='ocrx_word' id='word_1_11' title='bbox 796 452 839 516; x_wconf 92' lang='lat' dir='ltr'>ad</span> <span class='ocrx_word' id='word_1_12' title='bbox 866 446 1058 518; x_wconf 83' lang='lat' dir='ltr'>coelestium</span> <span class='ocrx_word' id='word_1_13' title='bbox 1093 444 1423 532; x_wconf 87' lang='lat' dir='ltr'>contemplationem</span> 
     </span>
     <span class='ocr_line' id='line_1_3' title="bbox 304 529 1423 628; baseline -0.004 -28"><span class='ocrx_word' id='word_1_14' title='bbox 304 531 442 600; x_wconf 89' lang='lat' dir='ltr'>condita</span> <span class='ocrx_word' id='word_1_15' title='bbox 464 531 530 608; x_wconf 81' lang='lat' dir='ltr'>eu.</span> <span class='ocrx_word' id='word_1_16' title='bbox 565 531 623 599; x_wconf 86' lang='lat' dir='ltr'>led</span> <span class='ocrx_word' id='word_1_17' title='bbox 643 531 941 622; x_wconf 81' lang='lat' dir='ltr'>praevaricationi:</span> <span class='ocrx_word' id='word_1_18' title='bbox 963 531 1091 598; x_wconf 90' lang='lat' dir='ltr'>caulal</span> <span class='ocrx_word' id='word_1_19' title='bbox 1136 551 1172 598; x_wconf 93' lang='lat' dir='ltr'>ra</span> <span class='ocrx_word' id='word_1_20' title='bbox 1194 529 1238 594; x_wconf 86' lang='lat' dir='ltr'>cll</span> <span class='ocrx_word' id='word_1_21' title='bbox 1257 533 1423 628; x_wconf 63' lang='lat' dir='ltr'>pernulla.</span> 
     </span>
     <span class='ocr_line' id='line_1_4' title="bbox 214 613 1424 700; baseline -0.005 -16"><span class='ocrx_word' id='word_1_22' title='bbox 214 627 218 639; x_wconf 86' lang='lat'>&#39;</span> <span class='ocrx_word' id='word_1_23' title='bbox 304 623 348 684; x_wconf 76' lang='lat' dir='ltr'>At</span> <span class='ocrx_word' id='word_1_24' title='bbox 379 616 583 682; x_wconf 79' lang='lat' dir='ltr'>descendent</span> <span class='ocrx_word' id='word_1_25' title='bbox 611 617 648 682; x_wconf 92' lang='lat' dir='ltr'>in</span> <span class='ocrx_word' id='word_1_26' title='bbox 681 621 840 683; x_wconf 79' lang='lat' dir='ltr'><strong>Iudaeam</strong></span> <span class='ocrx_word' id='word_1_27' title='bbox 862 620 1035 692; x_wconf 88' lang='lat' dir='ltr'>Naaman,</span> <span class='ocrx_word' id='word_1_28' title='bbox 1068 635 1106 681; x_wconf 90' lang='lat' dir='ltr'>re</span> <span class='ocrx_word' id='word_1_29' title='bbox 1131 613 1272 700; x_wconf 83' lang='lat' dir='ltr'>ienaque</span> <span class='ocrx_word' id='word_1_30' title='bbox 1294 629 1424 678; x_wconf 87' lang='lat' dir='ltr'>:terum</span> 
     </span>
     <span class='ocr_line' id='line_1_5' title="bbox 304 695 1424 787; baseline -0.004 -21"><span class='ocrx_word' id='word_1_31' title='bbox 304 701 341 766; x_wconf 91' lang='lat' dir='ltr'>in</span> <span class='ocrx_word' id='word_1_32' title='bbox 364 698 521 783; x_wconf 87' lang='lat' dir='ltr'>Syriam,</span> <span class='ocrx_word' id='word_1_33' title='bbox 535 701 675 780; x_wconf 88' lang='lat' dir='ltr'>jubente</span> <span class='ocrx_word' id='word_1_34' title='bbox 694 703 864 787; x_wconf 82' lang='lat' dir='ltr'>Propheta</span> <span class='ocrx_word' id='word_1_35' title='bbox 884 699 1035 776; x_wconf 85' lang='lat' dir='ltr'>Elilaeo,</span> <span class='ocrx_word' id='word_1_36' title='bbox 1056 695 1094 762; x_wconf 88' lang='lat' dir='ltr'>iu</span> <span class='ocrx_word' id='word_1_37' title='bbox 1115 699 1259 762; x_wconf 77' lang='lat' dir='ltr'>Iordane</span> <span class='ocrx_word' id='word_1_38' title='bbox 1277 697 1424 762; x_wconf 86' lang='lat' dir='ltr'>flumine</span> 
     </span>
     <span class='ocr_line' id='line_1_6' title="bbox 303 781 1422 930; baseline -0.004 -81"><span class='ocrx_word' id='word_1_39' title='bbox 303 785 432 869; x_wconf 88' lang='lat' dir='ltr'>lepram</span> <span class='ocrx_word' id='word_1_40' title='bbox 461 783 635 870; x_wconf 79' lang='lat' dir='ltr'>deposuit,</span> <span class='ocrx_word' id='word_1_41' title='bbox 671 785 826 872; x_wconf 66' lang='lat' dir='ltr'>cupitque</span> <span class='ocrx_word' id='word_1_42' title='bbox 856 782 1006 870; x_wconf 84' lang='lat' dir='ltr'>corpori:</span> <span class='ocrx_word' id='word_1_43' title='bbox 1036 781 1138 930; x_wconf 87' lang='lat' dir='ltr'>ipfiua</span> <span class='ocrx_word' id='word_1_44' title='bbox 1166 795 1331 878; x_wconf 72' lang='lat' dir='ltr'>renovata</span> <span class='ocrx_word' id='word_1_45' title='bbox 1364 781 1422 846; x_wconf 86' lang='lat' dir='ltr'>ell.</span> 
     </span>
     <span class='ocr_line' id='line_1_7' title="bbox 210 862 1425 955; baseline -0.003 -23"><span class='ocrx_word' id='word_1_46' title='bbox 210 904 212 912; x_wconf 69' lang='lat'>,</span> <span class='ocrx_word' id='word_1_47' title='bbox 304 869 396 932; x_wconf 85' lang='lat' dir='ltr'>Num</span> <span class='ocrx_word' id='word_1_48' title='bbox 419 881 453 930; x_wconf 91' lang='lat' dir='ltr'>et</span> <span class='ocrx_word' id='word_1_49' title='bbox 473 867 580 931; x_wconf 89' lang='lat' dir='ltr'>uollra</span> <span class='ocrx_word' id='word_1_50' title='bbox 602 883 721 932; x_wconf 88' lang='lat' dir='ltr'>natura</span> <span class='ocrx_word' id='word_1_51' title='bbox 740 871 821 934; x_wconf 91' lang='lat' dir='ltr'>dum</span> <span class='ocrx_word' id='word_1_52' title='bbox 836 869 1033 955; x_wconf 86' lang='lat' dir='ltr'>languorem</span> <span class='ocrx_word' id='word_1_53' title='bbox 1060 879 1196 930; x_wconf 90' lang='lat' dir='ltr'>uumtu</span> <span class='ocrx_word' id='word_1_54' title='bbox 1237 862 1425 928; x_wconf 88' lang='lat' dir='ltr'>itudrnem·</span> 
     </span>
     <span class='ocr_line' id='line_1_8' title="bbox 174 947 1425 1039; baseline -0.001 -26"><span class='ocrx_word' id='word_1_55' title='bbox 174 979 189 1002; x_wconf 90' lang='lat'>··</span> <span class='ocrx_word' id='word_1_56' title='bbox 329 973 373 1014; x_wconf 88' lang='lat' dir='ltr'>ue</span> <span class='ocrx_word' id='word_1_57' title='bbox 404 951 538 1014; x_wconf 88' lang='lat' dir='ltr'>luorum</span> <span class='ocrx_word' id='word_1_58' title='bbox 560 950 722 1016; x_wconf 86' lang='lat' dir='ltr'>vitiorum</span> <span class='ocrx_word' id='word_1_59' title='bbox 742 949 1002 1039; x_wconf 82' lang='lat' dir='ltr'>recognoverit,</span> <span class='ocrx_word' id='word_1_60' title='bbox 1036 947 1074 1014; x_wconf 90' lang='lat' dir='ltr'>ir:</span> <span class='ocrx_word' id='word_1_61' title='bbox 1097 948 1198 1012; x_wconf 87' lang='lat' dir='ltr'>ceule</span> <span class='ocrx_word' id='word_1_62' title='bbox 1236 965 1339 1012; x_wconf 88' lang='lat' dir='ltr'>onem</span> <span class='ocrx_word' id='word_1_63' title='bbox 1364 947 1425 1012; x_wconf 85' lang='lat' dir='ltr'>mi·</span> 
     </span>
    </p>

    <p class='ocr_par' dir='ltr' id='par_1_3' title="bbox 286 973 1424 1540">
     <span class='ocr_line' id='line_1_9' title="bbox 306 973 1422 1178; baseline -0.002 -82"><span class='ocrx_word' id='word_1_64' title='bbox 306 973 411 1097; x_wconf 64' lang='lat' dir='ltr'>ieriae</span> <span class='ocrx_word' id='word_1_65' title='bbox 444 1033 520 1098; x_wconf 87' lang='lat' dir='ltr'>luae</span> <span class='ocrx_word' id='word_1_66' title='bbox 543 1035 766 1109; x_wconf 80' lang='lat' dir='ltr'>descendent,</span> <span class='ocrx_word' id='word_1_67' title='bbox 802 1036 907 1124; x_wconf 91' lang='lat' dir='ltr'>inque</span> <span class='ocrx_word' id='word_1_68' title='bbox 928 1035 961 1098; x_wconf 84' lang='lat' dir='ltr'>le</span> <span class='ocrx_word' id='word_1_69' title='bbox 982 1031 1086 1120; x_wconf 81' lang='lat' dir='ltr'>ipsam</span> <span class='ocrx_word' id='word_1_70' title='bbox 1109 1032 1281 1096; x_wconf 80' lang='lat' dir='ltr'>reversura</span> <span class='ocrx_word' id='word_1_71' title='bbox 1298 1051 1422 1178; x_wconf 70' lang='lat' dir='ltr'>purga·</span> 
     </span>
     <span class='ocr_line' id='line_1_10' title="bbox 305 1111 1423 1206; baseline -0.004 -24"><span class='ocrx_word' id='word_1_72' title='bbox 305 1115 428 1182; x_wconf 81' lang='lat' dir='ltr'>biturl</span> <span class='ocrx_word' id='word_1_73' title='bbox 449 1115 494 1180; x_wconf 85' lang='lat' dir='ltr'>Et</span> <span class='ocrx_word' id='word_1_74' title='bbox 539 1115 591 1182; x_wconf 90' lang='lat' dir='ltr'>uia</span> <span class='ocrx_word' id='word_1_75' title='bbox 614 1139 686 1182; x_wconf 89' lang='lat' dir='ltr'>eam</span> <span class='ocrx_word' id='word_1_76' title='bbox 707 1141 772 1206; x_wconf 89' lang='lat' dir='ltr'>pur</span> <span class='ocrx_word' id='word_1_77' title='bbox 796 1119 889 1184; x_wconf 77' lang='lat' dir='ltr'>abitt</span> <span class='ocrx_word' id='word_1_78' title='bbox 912 1117 1076 1190; x_wconf 84' lang='lat' dir='ltr'>Elilaeua,</span> <span class='ocrx_word' id='word_1_79' title='bbox 1099 1114 1166 1180; x_wconf 86' lang='lat' dir='ltr'>Dei</span> <span class='ocrx_word' id='word_1_80' title='bbox 1181 1111 1345 1180; x_wconf 78' lang='lat' dir='ltr'>videlicet</span> <span class='ocrx_word' id='word_1_81' title='bbox 1382 1117 1423 1180; x_wconf 90' lang='lat' dir='ltr'>al·</span> 
     </span>
     <span class='ocr_line' id='line_1_11' title="bbox 305 1195 1423 1274; baseline -0.002 -10"><span class='ocrx_word' id='word_1_82' title='bbox 305 1215 420 1274; x_wconf 84' lang='lat' dir='ltr'>vator,</span> <span class='ocrx_word' id='word_1_83' title='bbox 443 1201 497 1264; x_wconf 82' lang='lat' dir='ltr'>vel</span> <span class='ocrx_word' id='word_1_84' title='bbox 553 1199 584 1265; x_wconf 91' lang='lat' dir='ltr'>ei</span> <span class='ocrx_word' id='word_1_85' title='bbox 612 1202 708 1266; x_wconf 86' lang='lat' dir='ltr'>lalut.</span> <span class='ocrx_word' id='word_1_86' title='bbox 786 1225 877 1268; x_wconf 88' lang='lat' dir='ltr'>onne</span> <span class='ocrx_word' id='word_1_87' title='bbox 897 1201 1006 1266; x_wconf 80' lang='lat' dir='ltr'>noster</span> <span class='ocrx_word' id='word_1_88' title='bbox 1024 1199 1173 1264; x_wconf 84' lang='lat' dir='ltr'>Elilaeua</span> <span class='ocrx_word' id='word_1_89' title='bbox 1195 1198 1239 1262; x_wconf 85' lang='lat' dir='ltr'>est</span> <span class='ocrx_word' id='word_1_90' title='bbox 1261 1195 1330 1260; x_wconf 87' lang='lat' dir='ltr'>Dei</span> <span class='ocrx_word' id='word_1_91' title='bbox 1350 1221 1423 1262; x_wconf 82' lang='lat' dir='ltr'>ver·</span> 
     </span>
     <span class='ocr_line' id='line_1_12' title="bbox 307 1279 1424 1372; baseline -0.002 -24"><span class='ocrx_word' id='word_1_92' title='bbox 307 1287 388 1348; x_wconf 90' lang='lat' dir='ltr'>bum</span> <span class='ocrx_word' id='word_1_93' title='bbox 411 1281 578 1350; x_wconf 88' lang='lat' dir='ltr'>Dominua</span> <span class='ocrx_word' id='word_1_94' title='bbox 597 1285 705 1352; x_wconf 86' lang='lat' dir='ltr'>noller</span> <span class='ocrx_word' id='word_1_95' title='bbox 728 1287 818 1352; x_wconf 85' lang='lat' dir='ltr'>lelna</span> <span class='ocrx_word' id='word_1_96' title='bbox 841 1285 1008 1359; x_wconf 72' lang='lat' dir='ltr'>Christus,</span> <span class='ocrx_word' id='word_1_97' title='bbox 1043 1281 1103 1372; x_wconf 89' lang='lat' dir='ltr'>qui</span> <span class='ocrx_word' id='word_1_98' title='bbox 1128 1280 1257 1346; x_wconf 79' lang='lat' dir='ltr'>cunei</span> <span class='ocrx_word' id='word_1_99' title='bbox 1279 1279 1424 1346; x_wconf 80' lang='lat' dir='ltr'>salvator</span> 
     </span>
     <span class='ocr_line' id='line_1_13' title="bbox 309 1363 1423 1452; baseline 0.001 -23"><span class='ocrx_word' id='word_1_100' title='bbox 309 1379 343 1430; x_wconf 91' lang='lat' dir='ltr'>et</span> <span class='ocrx_word' id='word_1_101' title='bbox 364 1365 430 1430; x_wconf 90' lang='lat' dir='ltr'>Dei</span> <span class='ocrx_word' id='word_1_102' title='bbox 450 1367 555 1444; x_wconf 83' lang='lat' dir='ltr'>salua,</span> <span class='ocrx_word' id='word_1_103' title='bbox 579 1365 617 1432; x_wconf 90' lang='lat' dir='ltr'>iu</span> <span class='ocrx_word' id='word_1_104' title='bbox 638 1371 813 1436; x_wconf 89' lang='lat' dir='ltr'>redeundo</span> <span class='ocrx_word' id='word_1_105' title='bbox 835 1369 870 1434; x_wconf 90' lang='lat' dir='ltr'>in</span> <span class='ocrx_word' id='word_1_106' title='bbox 894 1369 1023 1452; x_wconf 79' lang='lat' dir='ltr'>Syriam</span> <span class='ocrx_word' id='word_1_107' title='bbox 1044 1363 1186 1431; x_wconf 86' lang='lat' dir='ltr'>nollram</span> <span class='ocrx_word' id='word_1_108' title='bbox 1207 1363 1352 1428; x_wconf 72' lang='lat' dir='ltr'>salvabit</span> <span class='ocrx_word' id='word_1_109' title='bbox 1367 1387 1423 1430; x_wconf 87' lang='lat' dir='ltr'>ua·</span> 
     </span>
     <span class='ocr_line' id='line_1_14' title="bbox 286 1447 1423 1540; baseline 0 -28"><span class='ocrx_word' id='word_1_110' title='bbox 286 1465 436 1524; x_wconf 89' lang='lat' dir='ltr'>·turam,</span> <span class='ocrx_word' id='word_1_111' title='bbox 459 1454 526 1515; x_wconf 91' lang='lat' dir='ltr'>hoc</span> <span class='ocrx_word' id='word_1_112' title='bbox 548 1451 610 1527; x_wconf 86' lang='lat' dir='ltr'>est,</span> <span class='ocrx_word' id='word_1_113' title='bbox 634 1455 714 1518; x_wconf 91' lang='lat' dir='ltr'>dum</span> <span class='ocrx_word' id='word_1_114' title='bbox 736 1457 777 1518; x_wconf 90' lang='lat' dir='ltr'>ad</span> <span class='ocrx_word' id='word_1_115' title='bbox 798 1451 1132 1540; x_wconf 84' lang='lat' dir='ltr'>pristinum-statum,</span> <span class='ocrx_word' id='word_1_116' title='bbox 1155 1447 1192 1512; x_wconf 90' lang='lat' dir='ltr'>iu</span> <span class='ocrx_word' id='word_1_117' title='bbox 1215 1450 1423 1538; x_wconf 87' lang='lat' dir='ltr'>contempla·</span> 
     </span>
    </p>
   </div>
   <div class='ocr_carea' id='block_1_3' title="bbox 219 1531 1422 1623">
    <p class='ocr_par' dir='ltr' id='par_1_4' title="bbox 219 1531 1422 1623">
     <span class='ocr_line' id='line_1_15' title="bbox 219 1531 1422 1623; baseline 0.001 -28"><span class='ocrx_word' id='word_1_118' title='bbox 219 1553 243 1603; x_wconf 71' lang='lat'>&#39;,</span> <span class='ocrx_word' id='word_1_119' title='bbox 309 1532 438 1596; x_wconf 89' lang='lat' dir='ltr'>tionem</span> <span class='ocrx_word' id='word_1_120' title='bbox 459 1533 620 1600; x_wconf 83' lang='lat' dir='ltr'>videlicet</span> <span class='ocrx_word' id='word_1_121' title='bbox 640 1535 907 1623; x_wconf 81' lang='lat' dir='ltr'>intelligibilium</span> <span class='ocrx_word' id='word_1_122' title='bbox 930 1535 1097 1600; x_wconf 82' lang='lat' dir='ltr'>virtutum</span> <span class='ocrx_word' id='word_1_123' title='bbox 1111 1531 1236 1595; x_wconf 86' lang='lat' dir='ltr'>reverti</span> <span class='ocrx_word' id='word_1_124' title='bbox 1249 1549 1316 1594; x_wconf 83' lang='lat' dir='ltr'>uua</span> <span class='ocrx_word' id='word_1_125' title='bbox 1329 1531 1422 1612; x_wconf 82' lang='lat' dir='ltr'>julle-</span> 
     </span>
    </p>
   </div>
   <div class='ocr_carea' id='block_1_4' title="bbox 308 1613 1423 1952">
    <p class='ocr_par' dir='ltr' id='par_1_5' title="bbox 308 1613 1423 1952">
     <span class='ocr_line' id='line_1_16' title="bbox 309 1613 1423 1706; baseline 0.003 -28"><span class='ocrx_word' id='word_1_126' title='bbox 309 1615 381 1679; x_wconf 79' lang='lat' dir='ltr'>rit&#39;l</span> <span class='ocrx_word' id='word_1_127' title='bbox 414 1617 459 1679; x_wconf 84' lang='lat' dir='ltr'>Et</span> <span class='ocrx_word' id='word_1_128' title='bbox 479 1617 538 1681; x_wconf 93' lang='lat' dir='ltr'>ubi</span> <span class='ocrx_word' id='word_1_129' title='bbox 559 1619 780 1706; x_wconf 74' lang='lat' dir='ltr'>purgabitur?</span> <span class='ocrx_word' id='word_1_130' title='bbox 817 1617 854 1683; x_wconf 90' lang='lat' dir='ltr'>in</span> <span class='ocrx_word' id='word_1_131' title='bbox 876 1621 1037 1683; x_wconf 79' lang='lat' dir='ltr'>Iordane:</span> <span class='ocrx_word' id='word_1_132' title='bbox 1069 1619 1165 1696; x_wconf 84' lang='lat' dir='ltr'>cujna</span> <span class='ocrx_word' id='word_1_133' title='bbox 1186 1613 1423 1698; x_wconf 75' lang='lat' dir='ltr'>interpretatio</span> 
     </span>
     <span class='ocr_line' id='line_1_17' title="bbox 310 1697 1422 1844; baseline -0.002 -80"><span class='ocrx_word' id='word_1_134' title='bbox 310 1699 354 1764; x_wconf 81' lang='lat' dir='ltr'>eli</span> <span class='ocrx_word' id='word_1_135' title='bbox 377 1699 550 1764; x_wconf 80' lang='lat' dir='ltr'>descensus</span> <span class='ocrx_word' id='word_1_136' title='bbox 572 1703 730 1784; x_wconf 86' lang='lat' dir='ltr'>Domini,</span> <span class='ocrx_word' id='word_1_137' title='bbox 752 1705 806 1766; x_wconf 79' lang='lat' dir='ltr'>vel</span> <span class='ocrx_word' id='word_1_138' title='bbox 829 1701 1003 1766; x_wconf 82' lang='lat' dir='ltr'>descensu:</span> <span class='ocrx_word' id='word_1_139' title='bbox 1021 1698 1162 1780; x_wconf 79' lang='lat' dir='ltr'>judicii,</span> <span class='ocrx_word' id='word_1_140' title='bbox 1181 1697 1236 1762; x_wconf 84' lang='lat' dir='ltr'>vel</span> <span class='ocrx_word' id='word_1_141' title='bbox 1252 1699 1422 1844; x_wconf 79' lang='lat' dir='ltr'>potentia,</span> 
     </span>
     <span class='ocr_line' id='line_1_18' title="bbox 308 1783 1423 1865; baseline 0.002 -19"><span class='ocrx_word' id='word_1_142' title='bbox 308 1783 363 1846; x_wconf 86' lang='lat' dir='ltr'>vel</span> <span class='ocrx_word' id='word_1_143' title='bbox 386 1797 472 1847; x_wconf 84' lang='lat' dir='ltr'>terra</span> <span class='ocrx_word' id='word_1_144' title='bbox 496 1798 660 1861; x_wconf 88' lang='lat' dir='ltr'>extrema,</span> <span class='ocrx_word' id='word_1_145' title='bbox 683 1787 736 1848; x_wconf 87' lang='lat' dir='ltr'>vel</span> <span class='ocrx_word' id='word_1_146' title='bbox 759 1787 902 1850; x_wconf 86' lang='lat' dir='ltr'>alcenlio</span> <span class='ocrx_word' id='word_1_147' title='bbox 924 1799 1052 1848; x_wconf 88' lang='lat' dir='ltr'>eorum.</span> <span class='ocrx_word' id='word_1_148' title='bbox 1094 1785 1139 1844; x_wconf 89' lang='lat' dir='ltr'>Et</span> <span class='ocrx_word' id='word_1_149' title='bbox 1160 1801 1248 1865; x_wconf 89' lang='lat' dir='ltr'>quan</span> <span class='ocrx_word' id='word_1_150' title='bbox 1275 1785 1423 1848; x_wconf 87' lang='lat' dir='ltr'>ocredi·</span> 
     </span>
     <span class='ocr_line' id='line_1_19' title="bbox 309 1863 1421 1952; baseline 0.002 -24"><span class='ocrx_word' id='word_1_151' title='bbox 309 1885 384 1928; x_wconf 90' lang='lat' dir='ltr'>mua</span> <span class='ocrx_word' id='word_1_152' title='bbox 416 1879 450 1928; x_wconf 91' lang='lat' dir='ltr'>et</span> <span class='ocrx_word' id='word_1_153' title='bbox 482 1865 650 1952; x_wconf 74' lang='lat' dir='ltr'>speramus</span> <span class='ocrx_word' id='word_1_154' title='bbox 687 1869 824 1934; x_wconf 76' lang='lat' dir='ltr'>salutem</span> <span class='ocrx_word' id='word_1_155' title='bbox 850 1885 884 1933; x_wconf 92' lang='lat' dir='ltr'>et</span> <span class='ocrx_word' id='word_1_156' title='bbox 905 1867 1051 1934; x_wconf 88' lang='lat' dir='ltr'>reditum</span> <span class='ocrx_word' id='word_1_157' title='bbox 1073 1863 1202 1929; x_wconf 87' lang='lat' dir='ltr'>nollrae</span> <span class='ocrx_word' id='word_1_158' title='bbox 1222 1878 1368 1928; x_wconf 86' lang='lat' dir='ltr'>naturae</span> <span class='ocrx_word' id='word_1_159' title='bbox 1388 1865 1421 1930; x_wconf 92' lang='lat' dir='ltr'>iu</span> 
     </span>
    </p>
   </div>
   <div class='ocr_carea' id='block_1_5' title="bbox 205 1945 1424 2040">
    <p class='ocr_par' dir='ltr' id='par_1_6' title="bbox 205 1945 1424 2040">
     <span class='ocr_line' id='line_1_20' title="bbox 205 1945 1424 2040; baseline 0.002 -28"><span class='ocrx_word' id='word_1_160' title='bbox 205 1975 217 1998; x_wconf 66' lang='lat' dir='ltr'>v</span> <span class='ocrx_word' id='word_1_161' title='bbox 310 1945 440 2029; x_wconf 85' lang='lat' dir='ltr'>Syriam</span> <span class='ocrx_word' id='word_1_162' title='bbox 469 1949 616 2015; x_wconf 80' lang='lat' dir='ltr'>coelestia</span> <span class='ocrx_word' id='word_1_163' title='bbox 650 1951 966 2040; x_wconf 86' lang='lat' dir='ltr'>contemplationia,</span> <span class='ocrx_word' id='word_1_164' title='bbox 1001 1947 1063 2013; x_wconf 89' lang='lat' dir='ltr'>nili</span> <span class='ocrx_word' id='word_1_165' title='bbox 1084 1949 1220 2034; x_wconf 89' lang='lat' dir='ltr'>quaudo</span> <span class='ocrx_word' id='word_1_166' title='bbox 1242 1946 1424 2014; x_wconf 76' lang='lat' dir='ltr'>descendet</span> 
     </span>
    </p>
   </div>
   <div class='ocr_carea' id='block_1_6' title="bbox 269 2027 1425 3948">
    <p class='ocr_par' dir='ltr' id='par_1_7' title="bbox 269 2027 1425 3948">
     <span class='ocr_line' id='line_1_21' title="bbox 309 2027 1422 2122; baseline 0.002 -28"><span class='ocrx_word' id='word_1_167' title='bbox 309 2029 479 2096; x_wconf 83' lang='lat' dir='ltr'>Dominae</span> <span class='ocrx_word' id='word_1_168' title='bbox 506 2031 542 2096; x_wconf 92' lang='lat' dir='ltr'>iu</span> <span class='ocrx_word' id='word_1_169' title='bbox 574 2035 678 2122; x_wconf 86' lang='lat' dir='ltr'>gloria</span> <span class='ocrx_word' id='word_1_170' title='bbox 702 2037 786 2110; x_wconf 65' lang='lat' dir='ltr'>luen</span> <span class='ocrx_word' id='word_1_171' title='bbox 816 2037 995 2100; x_wconf 76' lang='lat' dir='ltr'>descendet</span> <span class='ocrx_word' id='word_1_172' title='bbox 1016 2036 1056 2097; x_wconf 85' lang='lat' dir='ltr'>ad</span> <span class='ocrx_word' id='word_1_173' title='bbox 1077 2029 1242 2112; x_wconf 86' lang='lat' dir='ltr'>judicium</span> <span class='ocrx_word' id='word_1_174' title='bbox 1264 2027 1422 2098; x_wconf 79' lang='lat' dir='ltr'>vivorum</span> 
     </span>
     <span class='ocr_line' id='line_1_22' title="bbox 312 2111 1420 2206; baseline 0 -26"><span class='ocrx_word' id='word_1_175' title='bbox 312 2129 348 2180; x_wconf 93' lang='lat' dir='ltr'>et</span> <span class='ocrx_word' id='word_1_176' title='bbox 370 2130 598 2193; x_wconf 87' lang='lat' dir='ltr'>mortuorum,</span> <span class='ocrx_word' id='word_1_177' title='bbox 622 2135 656 2181; x_wconf 87' lang='lat' dir='ltr'>e:</span> <span class='ocrx_word' id='word_1_178' title='bbox 678 2119 767 2184; x_wconf 86' lang='lat' dir='ltr'>luam</span> <span class='ocrx_word' id='word_1_179' title='bbox 790 2119 979 2206; x_wconf 86' lang='lat' dir='ltr'>potentiam</span> <span class='ocrx_word' id='word_1_180' title='bbox 998 2113 1265 2180; x_wconf 77' lang='lat' dir='ltr'>manifestaturus</span> <span class='ocrx_word' id='word_1_181' title='bbox 1280 2111 1321 2178; x_wconf 90' lang='lat' dir='ltr'>in</span> <span class='ocrx_word' id='word_1_182' title='bbox 1337 2132 1420 2180; x_wconf 86' lang='lat' dir='ltr'>terra</span> 
     </span>
     <span class='ocr_line' id='line_1_23' title="bbox 312 2197 1421 2288; baseline 0.003 -25"><span class='ocrx_word' id='word_1_183' title='bbox 312 2217 475 2274; x_wconf 80' lang='lat' dir='ltr'>extrema,</span> <span class='ocrx_word' id='word_1_184' title='bbox 511 2203 577 2266; x_wconf 88' lang='lat' dir='ltr'>hoc</span> <span class='ocrx_word' id='word_1_185' title='bbox 599 2201 698 2267; x_wconf 69' lang='lat' dir='ltr'>ell‘in</span> <span class='ocrx_word' id='word_1_186' title='bbox 721 2205 790 2267; x_wconf 87' lang='lat' dir='ltr'>fine</span> <span class='ocrx_word' id='word_1_187' title='bbox 810 2202 952 2278; x_wconf 89' lang='lat' dir='ltr'>mundi,</span> <span class='ocrx_word' id='word_1_188' title='bbox 985 2197 1276 2288; x_wconf 83' lang='lat' dir='ltr'>quando&#39;coeluua</span> <span class='ocrx_word' id='word_1_189' title='bbox 1302 2213 1338 2262; x_wconf 89' lang='lat' dir='ltr'>et</span> <span class='ocrx_word' id='word_1_190' title='bbox 1360 2217 1421 2266; x_wconf 89' lang='lat' dir='ltr'>ter·</span> 
     </span>
     <span class='ocr_line' id='line_1_24' title="bbox 311 2279 1422 2360; baseline 0.001 -14"><span class='ocrx_word' id='word_1_191' title='bbox 311 2303 348 2346; x_wconf 86' lang='lat' dir='ltr'>ra</span> <span class='ocrx_word' id='word_1_192' title='bbox 369 2281 561 2348; x_wconf 87' lang='lat' dir='ltr'>tranaibunt</span> <span class='ocrx_word' id='word_1_193' title='bbox 582 2285 618 2348; x_wconf 90' lang='lat' dir='ltr'>in</span> <span class='ocrx_word' id='word_1_194' title='bbox 641 2285 829 2350; x_wconf 87' lang='lat' dir='ltr'>alcenfione</span> <span class='ocrx_word' id='word_1_195' title='bbox 852 2307 985 2360; x_wconf 89' lang='lat' dir='ltr'>eorum,</span> <span class='ocrx_word' id='word_1_196' title='bbox 1008 2287 1075 2348; x_wconf 90' lang='lat' dir='ltr'>hoc</span> <span class='ocrx_word' id='word_1_197' title='bbox 1097 2279 1198 2346; x_wconf 80' lang='lat' dir='ltr'>elliu</span> <span class='ocrx_word' id='word_1_198' title='bbox 1220 2283 1422 2349; x_wconf 83' lang='lat' dir='ltr'>exaltatione</span> 
     </span>
     <span class='ocr_line' id='line_1_25' title="bbox 309 2364 1421 2442; baseline 0.003 -12"><span class='ocrx_word' id='word_1_199' title='bbox 309 2367 501 2430; x_wconf 76' lang='lat' dir='ltr'>[anctorum</span> <span class='ocrx_word' id='word_1_200' title='bbox 535 2365 572 2428; x_wconf 91' lang='lat' dir='ltr'>in</span> <span class='ocrx_word' id='word_1_201' title='bbox 596 2383 764 2433; x_wconf 87' lang='lat' dir='ltr'>aeternam</span> <span class='ocrx_word' id='word_1_202' title='bbox 784 2368 1051 2442; x_wconf 86' lang='lat' dir='ltr'>beatitudinem,</span> <span class='ocrx_word' id='word_1_203' title='bbox 1083 2366 1139 2429; x_wconf 84' lang='lat' dir='ltr'>vel</span> <span class='ocrx_word' id='word_1_204' title='bbox 1161 2377 1251 2428; x_wconf 88' lang='lat' dir='ltr'>certe</span> <span class='ocrx_word' id='word_1_205' title='bbox 1272 2364 1309 2429; x_wconf 91' lang='lat' dir='ltr'>in</span> <span class='ocrx_word' id='word_1_206' title='bbox 1333 2389 1421 2433; x_wconf 90' lang='lat' dir='ltr'>eom·</span> 
     </span>
     <span class='ocr_line' id='line_1_26' title="bbox 309 2445 1420 2536; baseline 0.004 -24"><span class='ocrx_word' id='word_1_207' title='bbox 309 2445 409 2512; x_wconf 90' lang='lat' dir='ltr'>muni</span> <span class='ocrx_word' id='word_1_208' title='bbox 438 2449 591 2517; x_wconf 86' lang='lat' dir='ltr'>omnium</span> <span class='ocrx_word' id='word_1_209' title='bbox 612 2450 879 2516; x_wconf 73' lang='lat' dir='ltr'>resurrectione?</span> <span class='ocrx_word' id='word_1_210' title='bbox 913 2449 1088 2536; x_wconf 86' lang='lat' dir='ltr'>Siquidem</span> <span class='ocrx_word' id='word_1_211' title='bbox 1109 2447 1308 2513; x_wconf 85' lang='lat' dir='ltr'>resurrectio</span> <span class='ocrx_word' id='word_1_212' title='bbox 1332 2471 1420 2516; x_wconf 89' lang='lat' dir='ltr'>eom·</span> 
     </span>
     <span class='ocr_line' id='line_1_27' title="bbox 311 2527 1420 2606; baseline 0.003 -11"><span class='ocrx_word' id='word_1_213' title='bbox 311 2527 425 2595; x_wconf 86' lang='lat' dir='ltr'>munia</span> <span class='ocrx_word' id='word_1_214' title='bbox 455 2530 608 2596; x_wconf 86' lang='lat' dir='ltr'>omniurn</span> <span class='ocrx_word' id='word_1_215' title='bbox 637 2534 779 2598; x_wconf 86' lang='lat' dir='ltr'>alceufio</span> <span class='ocrx_word' id='word_1_216' title='bbox 815 2535 859 2598; x_wconf 84' lang='lat' dir='ltr'>est</span> <span class='ocrx_word' id='word_1_217' title='bbox 879 2557 918 2598; x_wconf 85' lang='lat' dir='ltr'>ex</span> <span class='ocrx_word' id='word_1_218' title='bbox 938 2549 1047 2598; x_wconf 90' lang='lat' dir='ltr'>morte</span> <span class='ocrx_word' id='word_1_219' title='bbox 1069 2531 1106 2596; x_wconf 88' lang='lat' dir='ltr'>irr</span> <span class='ocrx_word' id='word_1_220' title='bbox 1128 2529 1253 2606; x_wconf 85' lang='lat' dir='ltr'>vitam,</span> <span class='ocrx_word' id='word_1_221' title='bbox 1287 2550 1329 2598; x_wconf 79' lang='lat' dir='ltr'>ex</span> <span class='ocrx_word' id='word_1_222' title='bbox 1352 2535 1420 2598; x_wconf 92' lang='lat' dir='ltr'>aui·</span> 
     </span>
     <span class='ocr_line' id='line_1_28' title="bbox 309 2610 1421 2705; baseline 0.005 -27"><span class='ocrx_word' id='word_1_223' title='bbox 309 2610 390 2678; x_wconf 85' lang='lat' dir='ltr'>mali</span> <span class='ocrx_word' id='word_1_224' title='bbox 412 2631 552 2702; x_wconf 89' lang='lat' dir='ltr'>corpore</span> <span class='ocrx_word' id='word_1_225' title='bbox 573 2631 608 2679; x_wconf 89' lang='lat' dir='ltr'>et</span> <span class='ocrx_word' id='word_1_226' title='bbox 629 2617 840 2703; x_wconf 89' lang='lat' dir='ltr'>corruptibili</span> <span class='ocrx_word' id='word_1_227' title='bbox 860 2617 897 2681; x_wconf 90' lang='lat' dir='ltr'>in</span> <span class='ocrx_word' id='word_1_228' title='bbox 914 2617 1085 2705; x_wconf 80' lang='lat' dir='ltr'>spirituale</span> <span class='ocrx_word' id='word_1_229' title='bbox 1103 2629 1136 2678; x_wconf 88' lang='lat' dir='ltr'>et</span> <span class='ocrx_word' id='word_1_230' title='bbox 1150 2611 1421 2702; x_wconf 84' lang='lat' dir='ltr'>incorruptibile.</span> 
     </span>
     <span class='ocr_line' id='line_1_29' title="bbox 311 2696 1421 2788; baseline 0.004 -27"><span class='ocrx_word' id='word_1_231' title='bbox 311 2701 401 2762; x_wconf 87' lang='lat' dir='ltr'>Tota</span> <span class='ocrx_word' id='word_1_232' title='bbox 430 2715 541 2762; x_wconf 91' lang='lat' dir='ltr'>autem</span> <span class='ocrx_word' id='word_1_233' title='bbox 569 2700 660 2786; x_wconf 89' lang='lat' dir='ltr'>lepra</span> <span class='ocrx_word' id='word_1_234' title='bbox 684 2703 851 2766; x_wconf 88' lang='lat' dir='ltr'>humanae</span> <span class='ocrx_word' id='word_1_235' title='bbox 871 2717 1011 2766; x_wconf 88' lang='lat' dir='ltr'>naturae</span> <span class='ocrx_word' id='word_1_236' title='bbox 1033 2713 1067 2762; x_wconf 90' lang='lat' dir='ltr'>et</span> <span class='ocrx_word' id='word_1_237' title='bbox 1089 2696 1262 2783; x_wconf 89' lang='lat' dir='ltr'>corruptio</span> <span class='ocrx_word' id='word_1_238' title='bbox 1284 2721 1421 2788; x_wconf 83' lang='lat' dir='ltr'>exagge-</span> 
     </span>
     <span class='ocr_line' id='line_1_30' title="bbox 310 2779 1423 2866; baseline 0.002 -20"><span class='ocrx_word' id='word_1_239' title='bbox 310 2779 439 2846; x_wconf 83' lang='lat' dir='ltr'>rabitur</span> <span class='ocrx_word' id='word_1_240' title='bbox 469 2795 503 2844; x_wconf 86' lang='lat' dir='ltr'>et</span> <span class='ocrx_word' id='word_1_241' title='bbox 532 2799 751 2848; x_wconf 86' lang='lat' dir='ltr'>convertetur</span> <span class='ocrx_word' id='word_1_242' title='bbox 784 2785 821 2848; x_wconf 90' lang='lat' dir='ltr'>in</span> <span class='ocrx_word' id='word_1_243' title='bbox 844 2785 952 2852; x_wconf 86' lang='lat' dir='ltr'>Giezi.</span> <span class='ocrx_word' id='word_1_244' title='bbox 995 2779 1092 2848; x_wconf 82' lang='lat' dir='ltr'>Gieni</span> <span class='ocrx_word' id='word_1_245' title='bbox 1112 2779 1354 2866; x_wconf 87' lang='lat' dir='ltr'>interpretatur</span> <span class='ocrx_word' id='word_1_246' title='bbox 1377 2785 1423 2848; x_wconf 83' lang='lat' dir='ltr'>vi·</span> 
     </span>
     <span class='ocr_line' id='line_1_31' title="bbox 313 2863 1425 2956; baseline 0.002 -26"><span class='ocrx_word' id='word_1_247' title='bbox 313 2869 394 2930; x_wconf 87' lang='lat' dir='ltr'>dene</span> <span class='ocrx_word' id='word_1_248' title='bbox 416 2865 556 2940; x_wconf 83' lang='lat' dir='ltr'>vallem,</span> <span class='ocrx_word' id='word_1_249' title='bbox 579 2869 632 2930; x_wconf 82' lang='lat' dir='ltr'>vel</span> <span class='ocrx_word' id='word_1_250' title='bbox 655 2866 799 2933; x_wconf 88' lang='lat' dir='ltr'>diaciffio</span> <span class='ocrx_word' id='word_1_251' title='bbox 822 2889 841 2932; x_wconf 89' lang='lat' dir='ltr'>a</span> <span class='ocrx_word' id='word_1_252' title='bbox 861 2868 1005 2942; x_wconf 78' lang='lat' dir='ltr'>villone:</span> <span class='ocrx_word' id='word_1_253' title='bbox 1038 2864 1150 2951; x_wconf 81' lang='lat' dir='ltr'>typice</span> <span class='ocrx_word' id='word_1_254' title='bbox 1172 2863 1345 2930; x_wconf 89' lang='lat' dir='ltr'>diabolum</span> <span class='ocrx_word' id='word_1_255' title='bbox 1368 2870 1425 2956; x_wconf 82' lang='lat' dir='ltr'>lig·</span> 
     </span>
     <span class='ocr_line' id='line_1_32' title="bbox 309 2946 1422 3038; baseline 0.002 -24"><span class='ocrx_word' id='word_1_256' title='bbox 309 2947 469 3014; x_wconf 86' lang='lat' dir='ltr'>nificana:</span> <span class='ocrx_word' id='word_1_257' title='bbox 503 2947 562 3035; x_wconf 90' lang='lat' dir='ltr'>qui</span> <span class='ocrx_word' id='word_1_258' title='bbox 592 2953 671 3016; x_wconf 89' lang='lat' dir='ltr'>dum</span> <span class='ocrx_word' id='word_1_259' title='bbox 701 2952 741 3016; x_wconf 84' lang='lat' dir='ltr'>fi:</span> <span class='ocrx_word' id='word_1_260' title='bbox 775 2973 921 3038; x_wconf 88' lang='lat' dir='ltr'>nequam</span> <span class='ocrx_word' id='word_1_261' title='bbox 952 2946 1133 3014; x_wconf 81' lang='lat' dir='ltr'>salvatori:</span> <span class='ocrx_word' id='word_1_262' title='bbox 1161 2947 1262 3012; x_wconf 82' lang='lat' dir='ltr'>nostri</span> <span class='ocrx_word' id='word_1_263' title='bbox 1295 2951 1422 3025; x_wconf 67' lang='lat' dir='ltr'>lerunt,</span> 
     </span>
     <span class='ocr_line' id='line_1_33' title="bbox 311 3031 1424 3120; baseline 0.001 -23"><span class='ocrx_word' id='word_1_264' title='bbox 311 3033 379 3097; x_wconf 85' lang='lat' dir='ltr'>line</span> <span class='ocrx_word' id='word_1_265' title='bbox 410 3037 505 3111; x_wconf 84' lang='lat' dir='ltr'>cuiue</span> <span class='ocrx_word' id='word_1_266' title='bbox 532 3031 753 3114; x_wconf 86' lang='lat' dir='ltr'>juffionibua,</span> <span class='ocrx_word' id='word_1_267' title='bbox 794 3051 851 3098; x_wconf 87' lang='lat' dir='ltr'>aut</span> <span class='ocrx_word' id='word_1_268' title='bbox 878 3031 1147 3120; x_wconf 85' lang='lat' dir='ltr'>peruriffionibua</span> <span class='ocrx_word' id='word_1_269' title='bbox 1176 3032 1324 3098; x_wconf 81' lang='lat' dir='ltr'>malitiae</span> <span class='ocrx_word' id='word_1_270' title='bbox 1349 3035 1424 3098; x_wconf 85' lang='lat' dir='ltr'>luae</span> 
     </span>
     <span class='ocr_line' id='line_1_34' title="bbox 310 3115 1424 3203; baseline 0.003 -25"><span class='ocrx_word' id='word_1_271' title='bbox 310 3115 580 3181; x_wconf 88' lang='lat' dir='ltr'>machinamenta</span> <span class='ocrx_word' id='word_1_272' title='bbox 610 3139 679 3182; x_wconf 92' lang='lat' dir='ltr'>non</span> <span class='ocrx_word' id='word_1_273' title='bbox 710 3116 828 3182; x_wconf 86' lang='lat' dir='ltr'>linitur</span> <span class='ocrx_word' id='word_1_274' title='bbox 859 3137 1036 3203; x_wconf 89' lang='lat' dir='ltr'>peragere,</span> <span class='ocrx_word' id='word_1_275' title='bbox 1068 3116 1196 3200; x_wconf 75' lang='lat' dir='ltr'>[emper</span> <span class='ocrx_word' id='word_1_276' title='bbox 1224 3117 1261 3180; x_wconf 90' lang='lat' dir='ltr'>iu</span> <span class='ocrx_word' id='word_1_277' title='bbox 1282 3120 1424 3203; x_wconf 86' lang='lat' dir='ltr'>profun-</span> 
     </span>
     <span class='ocr_line' id='line_1_35' title="bbox 312 3197 1423 3288; baseline 0.003 -25"><span class='ocrx_word' id='word_1_278' title='bbox 312 3201 392 3263; x_wconf 92' lang='lat' dir='ltr'>dum</span> <span class='ocrx_word' id='word_1_279' title='bbox 420 3197 642 3288; x_wconf 77' lang='lat' dir='ltr'>perditionis,</span> <span class='ocrx_word' id='word_1_280' title='bbox 677 3217 898 3286; x_wconf 86' lang='lat' dir='ltr'>aeternaeque</span> <span class='ocrx_word' id='word_1_281' title='bbox 918 3199 1036 3264; x_wconf 84' lang='lat' dir='ltr'>:nortia</span> <span class='ocrx_word' id='word_1_282' title='bbox 1057 3219 1127 3262; x_wconf 90' lang='lat' dir='ltr'>non</span> <span class='ocrx_word' id='word_1_283' title='bbox 1152 3199 1271 3263; x_wconf 83' lang='lat' dir='ltr'>definit</span> <span class='ocrx_word' id='word_1_284' title='bbox 1293 3201 1423 3288; x_wconf 78' lang='lat' dir='ltr'>prospi-</span> 
     </span>
     <span class='ocr_line' id='line_1_36' title="bbox 312 3281 1425 3371; baseline 0 -23"><span class='ocrx_word' id='word_1_285' title='bbox 312 3304 406 3358; x_wconf 89' lang='lat' dir='ltr'>cere,</span> <span class='ocrx_word' id='word_1_286' title='bbox 438 3297 473 3346; x_wconf 90' lang='lat' dir='ltr'>et</span> <span class='ocrx_word' id='word_1_287' title='bbox 500 3303 540 3345; x_wconf 85' lang='lat' dir='ltr'>ex</span> <span class='ocrx_word' id='word_1_288' title='bbox 567 3283 717 3348; x_wconf 83' lang='lat' dir='ltr'>veritati:</span> <span class='ocrx_word' id='word_1_289' title='bbox 750 3284 1036 3371; x_wconf 87' lang='lat' dir='ltr'>contemplatione</span> <span class='ocrx_word' id='word_1_290' title='bbox 1067 3281 1189 3348; x_wconf 89' lang='lat' dir='ltr'>merito</span> <span class='ocrx_word' id='word_1_291' title='bbox 1213 3285 1290 3346; x_wconf 82' lang='lat' dir='ltr'>luae</span> <span class='ocrx_word' id='word_1_292' title='bbox 1312 3285 1425 3371; x_wconf 89' lang='lat' dir='ltr'>luper-</span> 
     </span>
     <span class='ocr_line' id='line_1_37' title="bbox 269 3363 1423 3454; baseline 0.003 -26"><span class='ocrx_word' id='word_1_293' title='bbox 269 3421 272 3428; x_wconf 30' lang='lat' dir='ltr'>r</span> <span class='ocrx_word' id='word_1_294' title='bbox 311 3365 387 3429; x_wconf 86' lang='lat' dir='ltr'>biae</span> <span class='ocrx_word' id='word_1_295' title='bbox 420 3363 545 3431; x_wconf 86' lang='lat' dir='ltr'>divilue</span> <span class='ocrx_word' id='word_1_296' title='bbox 579 3365 759 3432; x_wconf 81' lang='lat' dir='ltr'>discedere.</span> <span class='ocrx_word' id='word_1_297' title='bbox 804 3371 910 3454; x_wconf 83' lang='lat' dir='ltr'>Lepre</span> <span class='ocrx_word' id='word_1_298' title='bbox 944 3367 1058 3454; x_wconf 87' lang='lat' dir='ltr'>itaque</span> <span class='ocrx_word' id='word_1_299' title='bbox 1080 3365 1186 3430; x_wconf 84' lang='lat' dir='ltr'>nostra</span> <span class='ocrx_word' id='word_1_300' title='bbox 1207 3387 1293 3452; x_wconf 87' lang='lat' dir='ltr'>quae</span> <span class='ocrx_word' id='word_1_301' title='bbox 1313 3367 1423 3432; x_wconf 83' lang='lat' dir='ltr'>livore</span> 
     </span>
     <span class='ocr_line' id='line_1_38' title="bbox 311 3445 1423 3537; baseline 0.005 -27"><span class='ocrx_word' id='word_1_302' title='bbox 311 3449 412 3534; x_wconf 83' lang='lat' dir='ltr'>ipsane</span> <span class='ocrx_word' id='word_1_303' title='bbox 448 3445 598 3511; x_wconf 86' lang='lat' dir='ltr'>invidiae</span> <span class='ocrx_word' id='word_1_304' title='bbox 618 3448 800 3536; x_wconf 84' lang='lat' dir='ltr'>imaginem</span> <span class='ocrx_word' id='word_1_305' title='bbox 824 3451 888 3515; x_wconf 88' lang='lat' dir='ltr'>Dei</span> <span class='ocrx_word' id='word_1_306' title='bbox 909 3449 1217 3524; x_wconf 84' lang='lat' dir='ltr'>contaminaverat,</span> <span class='ocrx_word' id='word_1_307' title='bbox 1252 3449 1289 3512; x_wconf 86' lang='lat' dir='ltr'>in</span> <span class='ocrx_word' id='word_1_308' title='bbox 1311 3451 1423 3537; x_wconf 84' lang='lat' dir='ltr'>iplnm</span> 
     </span>
     <span class='ocr_line' id='line_1_39' title="bbox 311 3531 1422 3616; baseline 0.002 -20"><span class='ocrx_word' id='word_1_309' title='bbox 311 3531 498 3616; x_wconf 80' lang='lat' dir='ltr'>redigetur:</span> <span class='ocrx_word' id='word_1_310' title='bbox 522 3531 601 3616; x_wconf 89' lang='lat' dir='ltr'>quia</span> <span class='ocrx_word' id='word_1_311' title='bbox 624 3536 738 3597; x_wconf 90' lang='lat' dir='ltr'>dolore</span> <span class='ocrx_word' id='word_1_312' title='bbox 761 3535 873 3598; x_wconf 83' lang='lat' dir='ltr'>saluti:</span> <span class='ocrx_word' id='word_1_313' title='bbox 897 3551 930 3598; x_wconf 89' lang='lat' dir='ltr'>et</span> <span class='ocrx_word' id='word_1_314' title='bbox 951 3533 1199 3596; x_wconf 77' lang='lat' dir='ltr'>restaurationi:</span> <span class='ocrx_word' id='word_1_315' title='bbox 1220 3533 1350 3598; x_wconf 77' lang='lat' dir='ltr'>nostrae</span> <span class='ocrx_word' id='word_1_316' title='bbox 1376 3535 1422 3598; x_wconf 86' lang='lat' dir='ltr'>lu·</span> 
     </span>
     <span class='ocr_line' id='line_1_40' title="bbox 310 3615 1422 3702; baseline 0.004 -25"><span class='ocrx_word' id='word_1_317' title='bbox 310 3615 479 3700; x_wconf 83' lang='lat' dir='ltr'>perfulua,</span> <span class='ocrx_word' id='word_1_318' title='bbox 529 3635 613 3680; x_wconf 87' lang='lat' dir='ltr'>oena</span> <span class='ocrx_word' id='word_1_319' title='bbox 635 3623 706 3698; x_wconf 84' lang='lat' dir='ltr'>ejua</span> <span class='ocrx_word' id='word_1_320' title='bbox 728 3615 964 3682; x_wconf 87' lang='lat' dir='ltr'>cumulabitur.</span> <span class='ocrx_word' id='word_1_321' title='bbox 1000 3617 1093 3702; x_wconf 86' lang='lat' dir='ltr'>Quid</span> <span class='ocrx_word' id='word_1_322' title='bbox 1116 3616 1225 3680; x_wconf 90' lang='lat' dir='ltr'>dicam</span> <span class='ocrx_word' id='word_1_323' title='bbox 1242 3619 1283 3680; x_wconf 93' lang='lat' dir='ltr'>de</span> <span class='ocrx_word' id='word_1_324' title='bbox 1305 3619 1422 3682; x_wconf 88' lang='lat' dir='ltr'>decem</span> 
     </span>
     <span class='ocr_line' id='line_1_41' title="bbox 309 3637 1422 3788; baseline 0.004 -28"><span class='ocrx_word' id='word_1_325' title='bbox 309 3697 471 3783; x_wconf 86' lang='lat' dir='ltr'>leprolie‘l</span> <span class='ocrx_word' id='word_1_326' title='bbox 501 3637 591 3784; x_wconf 55' lang='lat' dir='ltr'>dum</span> <span class='ocrx_word' id='word_1_327' title='bbox 615 3716 648 3763; x_wconf 91' lang='lat' dir='ltr'>e:</span> <span class='ocrx_word' id='word_1_328' title='bbox 669 3701 729 3788; x_wconf 88' lang='lat' dir='ltr'>ipli</span> <span class='ocrx_word' id='word_1_329' title='bbox 751 3705 899 3781; x_wconf 71' lang='lat' dir='ltr'>ejusdem</span> <span class='ocrx_word' id='word_1_330' title='bbox 921 3700 1049 3765; x_wconf 86' lang='lat' dir='ltr'>nollrae</span> <span class='ocrx_word' id='word_1_331' title='bbox 1069 3715 1210 3764; x_wconf 88' lang='lat' dir='ltr'>naturae</span> <span class='ocrx_word' id='word_1_332' title='bbox 1230 3701 1422 3766; x_wconf 83' lang='lat' dir='ltr'>charactera</span> 
     </span>
     <span class='ocr_line' id='line_1_42' title="bbox 311 3782 1423 3880; baseline 0.004 -37"><span class='ocrx_word' id='word_1_333' title='bbox 311 3782 451 3880; x_wconf 86' lang='lat' dir='ltr'>gellere,</span> <span class='ocrx_word' id='word_1_334' title='bbox 481 3803 566 3880; x_wconf 74' lang='lat' dir='ltr'>puae</span> <span class='ocrx_word' id='word_1_335' title='bbox 591 3805 612 3848; x_wconf 82' lang='lat' dir='ltr'>a</span> <span class='ocrx_word' id='word_1_336' title='bbox 635 3784 702 3848; x_wconf 80' lang='lat' dir='ltr'>luo</span> <span class='ocrx_word' id='word_1_337' title='bbox 736 3788 924 3850; x_wconf 87' lang='lat' dir='ltr'>redemtore</span> <span class='ocrx_word' id='word_1_338' title='bbox 945 3786 1093 3848; x_wconf 89' lang='lat' dir='ltr'>redemta</span> <span class='ocrx_word' id='word_1_339' title='bbox 1115 3783 1176 3857; x_wconf 85' lang='lat' dir='ltr'>ell,</span> <span class='ocrx_word' id='word_1_340' title='bbox 1195 3817 1197 3824; x_wconf 42' lang='lat' dir='ltr'>v</span> <span class='ocrx_word' id='word_1_341' title='bbox 1213 3799 1247 3846; x_wconf 91' lang='lat' dir='ltr'>et</span> <span class='ocrx_word' id='word_1_342' title='bbox 1268 3785 1423 3870; x_wconf 81' lang='lat' dir='ltr'>quetidie</span> 
     </span>
     <span class='ocr_line' id='line_1_43' title="bbox 308 3863 1423 3948; baseline 0.003 -19"><span class='ocrx_word' id='word_1_343' title='bbox 308 3885 347 3929; x_wconf 82' lang='lat' dir='ltr'>ru</span> <span class='ocrx_word' id='word_1_344' title='bbox 374 3863 510 3948; x_wconf 77' lang='lat' dir='ltr'>finguln</span> <span class='ocrx_word' id='word_1_345' title='bbox 540 3866 735 3932; x_wconf 90' lang='lat' dir='ltr'>redimitur:</span> <span class='ocrx_word' id='word_1_346' title='bbox 769 3884 814 3931; x_wconf 81' lang='lat' dir='ltr'>et·</span> <span class='ocrx_word' id='word_1_347' title='bbox 834 3868 871 3931; x_wconf 88' lang='lat' dir='ltr'>in</span> <span class='ocrx_word' id='word_1_348' title='bbox 894 3865 1184 3932; x_wconf 80' lang='lat' dir='ltr'>consummatione</span> <span class='ocrx_word' id='word_1_349' title='bbox 1204 3865 1326 3932; x_wconf 88' lang='lat' dir='ltr'>mundi</span> <span class='ocrx_word' id='word_1_350' title='bbox 1348 3865 1423 3932; x_wconf 86' lang='lat' dir='ltr'>uni·</span> 
     </span>
    </p>
   </div>
   <div class='ocr_carea' id='block_1_7' title="bbox 166 3941 1424 4016">
    <p class='ocr_par' dir='ltr' id='par_1_8' title="bbox 166 3941 1424 4016">
     <span class='ocr_line' id='line_1_44' title="bbox 166 3941 1424 4016; baseline 0.005 -6"><span class='ocrx_word' id='word_1_351' title='bbox 166 3947 172 3954; x_wconf 86' lang='lat'>&#39;</span> <span class='ocrx_word' id='word_1_352' title='bbox 225 3953 228 3958; x_wconf 83' lang='grc'>’</span> <span class='ocrx_word' id='word_1_353' title='bbox 255 3941 262 3958; x_wconf 87' lang='grc'><strong>’</strong></span> <span class='ocrx_word' id='word_1_354' title='bbox 309 3947 534 4014; x_wconf 37' lang='lat' dir='ltr'>versaliterrin</span> <span class='ocrx_word' id='word_1_355' title='bbox 558 3951 715 4016; x_wconf 76' lang='lat' dir='ltr'>omnibu:</span> <span class='ocrx_word' id='word_1_356' title='bbox 737 3967 771 4014; x_wconf 89' lang='lat' dir='ltr'>et</span> <span class='ocrx_word' id='word_1_357' title='bbox 790 3951 974 4015; x_wconf 89' lang='lat' dir='ltr'>redimetur</span> <span class='ocrx_word' id='word_1_358' title='bbox 996 3967 1030 4014; x_wconf 87' lang='lat' dir='ltr'>et</span> <span class='ocrx_word' id='word_1_359' title='bbox 1050 3947 1275 4014; x_wconf 73' lang='lat' dir='ltr'>liberabitur?</span> <span class='ocrx_word' id='word_1_360' title='bbox 1297 3953 1424 4016; x_wconf 77' lang='lat' dir='ltr'>tauma·</span> 
     </span>
    </p>
   </div>
   <div class='ocr_carea' id='block_1_8' title="bbox 310 4031 1425 4205">
    <p class='ocr_par' dir='ltr' id='par_1_9' title="bbox 310 4031 1425 4205">
     <span class='ocr_line' id='line_1_45' title="bbox 310 4031 1425 4122; baseline 0.004 -29"><span class='ocrx_word' id='word_1_361' title='bbox 310 4053 354 4094; x_wconf 87' lang='lat' dir='ltr'>na</span> <span class='ocrx_word' id='word_1_362' title='bbox 376 4031 502 4118; x_wconf 85' lang='lat' dir='ltr'>quippe</span> <span class='ocrx_word' id='word_1_363' title='bbox 523 4051 643 4098; x_wconf 78' lang='lat' dir='ltr'>natura</span> <span class='ocrx_word' id='word_1_364' title='bbox 664 4035 798 4099; x_wconf 84' lang='lat' dir='ltr'>denaria</span> <span class='ocrx_word' id='word_1_365' title='bbox 810 4034 1006 4122; x_wconf 86' lang='lat' dir='ltr'>‘quantitate</span> <span class='ocrx_word' id='word_1_366' title='bbox 1028 4033 1111 4098; x_wconf 84' lang='lat' dir='ltr'>lolet</span> <span class='ocrx_word' id='word_1_367' title='bbox 1129 4032 1333 4122; x_wconf 66' lang='lat' dir='ltr'>agnituri:</span> <span class='ocrx_word' id='word_1_368' title='bbox 1356 4034 1425 4100; x_wconf 91' lang='lat' dir='ltr'>aui·</span> 
     </span>
     <span class='ocr_line' id='line_1_46' title="bbox 310 4115 1423 4205; baseline 0.002 -25"><span class='ocrx_word' id='word_1_369' title='bbox 310 4135 365 4180; x_wconf 88' lang='lat' dir='ltr'>ma</span> <span class='ocrx_word' id='word_1_370' title='bbox 385 4115 531 4202; x_wconf 77' lang='lat' dir='ltr'>nomque</span> <span class='ocrx_word' id='word_1_371' title='bbox 550 4133 585 4182; x_wconf 91' lang='lat' dir='ltr'>et</span> <span class='ocrx_word' id='word_1_372' title='bbox 606 4137 747 4205; x_wconf 87' lang='lat' dir='ltr'>corpore</span> <span class='ocrx_word' id='word_1_373' title='bbox 767 4119 916 4184; x_wconf 78' lang='lat' dir='ltr'>constare</span> <span class='ocrx_word' id='word_1_374' title='bbox 937 4115 1078 4184; x_wconf 86' lang='lat' dir='ltr'>dubiam</span> <span class='ocrx_word' id='word_1_375' title='bbox 1100 4137 1173 4182; x_wconf 91' lang='lat' dir='ltr'>nun</span> <span class='ocrx_word' id='word_1_376' title='bbox 1195 4117 1249 4182; x_wconf 90' lang='lat' dir='ltr'>ell.</span> <span class='ocrx_word' id='word_1_377' title='bbox 1289 4119 1423 4205; x_wconf 77' lang='lat' dir='ltr'>Corpus</span> 
     </span>
    </p>
   </div>
   <div class='ocr_carea' id='block_1_9' title="bbox 173 4193 1423 4298">
    <p class='ocr_par' dir='ltr' id='par_1_10' title="bbox 173 4193 1423 4298">
     <span class='ocr_line' id='line_1_47' title="bbox 173 4193 1423 4298; baseline 0.006 -37"><span class='ocrx_word' id='word_1_378' title='bbox 173 4293 177 4298; x_wconf 25' lang='grc' dir='ltr'>Ι</span> <span class='ocrx_word' id='word_1_379' title='bbox 311 4209 422 4268; x_wconf 85' lang='lat' dir='ltr'>autem</span> <span class='ocrx_word' id='word_1_380' title='bbox 444 4199 769 4286; x_wconf 70' lang='lat' dir='ltr'>quinario-:lumerto</span> <span class='ocrx_word' id='word_1_381' title='bbox 784 4203 912 4290; x_wconf 70' lang='lat' dir='ltr'>pullen·</span> <span class='ocrx_word' id='word_1_382' title='bbox 930 4215 1074 4288; x_wconf 87' lang='lat' dir='ltr'>quatuor</span> <span class='ocrx_word' id='word_1_383' title='bbox 1092 4200 1257 4270; x_wconf 72' lang='lat' dir='ltr'>videlicet</span> <span class='ocrx_word' id='word_1_384' title='bbox 1276 4193 1423 4272; x_wconf 81' lang='lat' dir='ltr'>elelnen·</span> 
     </span>
    </p>
   </div>
   <div class='ocr_carea' id='block_1_10' title="bbox 0 0 1499 4826">
    <p class='ocr_par' dir='ltr' id='par_1_11' title="bbox 0 0 1499 4826">
     <span class='ocr_line' id='line_1_48' title="bbox 0 0 1499 4826; baseline 0 0"><span class='ocrx_word' id='word_1_385' title='bbox 0 0 1499 4826; x_wconf 95' lang='lat' dir='ltr'> </span> 
     </span>
    </p>
   </div>
  </div>
 </body>
</html>
