2970 4826
354 297 373 322 κ
443 263 800 374 utaouqaa.
864 207 921 242 ”
1123 261 1202 334 rra

85 461 210 514 natura
231 446 433 512 daemonum
455 469 474 512 a
495 449 692 536 corporibus
713 451 754 514 ab
775 446 836 513 illo
858 467 934 513 sere
953 445 1013 514 fibi
1030 445 1198 528 adjunctis

82 528 301 605 liberabitur,
324 531 407 596 ficut
427 533 572 598 bumana
594 550 714 598 natura
737 531 787 598 sni
807 531 1004 596 redemtoris
1018 531 1123 616 gratia
1139 534 1197 596 ad·

81 618 174 694 juta,
209 614 460 680 resurrectionis
491 633 664 682 momento
687 615 886 681 animalibus
909 613 1199 700 corruptibilibus·

82 718 153 782 que
176 696 372 782 corporibus
392 699 597 776 absolvetur,
621 699 705 766 alius
719 697 895 764 disserendi
910 701 1005 764 locus
1018 698 1070 762 cll.
1094 699 1199 782 Quod
1219 713 1223 720 '

82 779 95 844 i
123 779 191 842 itur
210 781 379 884 propbeta
401 781 469 846 ait:
492 784 593 883 draco
619 784 681 870 ists
701 805 795 882 quem
806 777 972 880 fortassis
992 783 1038 844 ad
1059 781 1196 880 illudsq-
1307 776 1316 794 ⁹

82 864 1093 1038 1:12¹tiadzffffssttsubitatidsssss'slstztzs
1112 887 1198 1012 33:2¹:

81 1028 169 1176 pam
192 1028 318 1094 diaboli
338 1034 632 1121 membrorumque
655 1040 726 1114 ejus
749 1033 815 1098 five
836 1032 872 1098 in
895 1031 1039 1120 angelis,
1071 1030 1196 1096 sanein
1289 1070 1307 1102 ·,

109 1111 282 1176 ominibus
304 1113 418 1180 maliss
429 1119 688 1208 figmenti‘vero
711 1119 767 1182 sou
787 1111 999 1202 formationis
1015 1115 1195 1190 vocabulo,

82 1193 164 1282 quia
186 1195 230 1259 fic
252 1195 421 1262 diverfitas
444 1197 666 1288 interpretum
689 1203 842 1266 scelestae
864 1201 974 1264 usibus
997 1221 1037 1262 ex
1059 1197 1198 1262 Hebrai·
1300 1165 1342 1284 x

30 1303 35 1310 ·
81 1299 125 1342 co
146 1278 316 1342 transtulit
333 1281 485 1368 eloquio,
509 1299 567 1348 aut
586 1300 738 1348 naturam
761 1305 876 1348 eorum
894 1284 1077 1350 secundum
1095 1303 1197 1368 quam

85 1381 105 1425 a
137 1364 211 1424 Deo
233 1361 405 1428 substituta
426 1366 505 1430 sunt
525 1367 936 1454 priusquampeccarent,
972 1381 1030 1428 sut
1050 1387 1087 1428 ea
1109 1385 1196 1450 quae

79 1459 221 1530 propter
250 1445 285 1506 su
313 1445 437 1514 erbiam
467 1450 559 1516 suam
592 1451 639 1516 eis
663 1450 874 1537 superaddita
896 1450 994 1522 sunt,
1030 1446 1196 1592 intellipa-

80 1549 169 1592 mus.
210 1527 273 1624 ‘Se
317 1529 544 1620 qualicunque
565 1537 668 1602 modo
690 1534 894 1619 accipiamus
916 1533 1115 1618 figmentum
1153 1551 1197 1594 eu

81 1610 339 1687 formationem,
363 1617 429 1680 hoc
450 1617 493 1680 cll
514 1619 580 1682 five
603 1621 644 1682 de
664 1634 800 1692 natura,
834 1617 899 1680 five
922 1617 963 1680 ds
985 1629 1124 1678 naturae
1145 1614 1195 1676 su·

80 1691 288 1779 peradditis,
311 1698 352 1760 ad
373 1697 585 1764 illudendum
608 1699 639 1763 ei
663 1723 680 1764 a
702 1701 824 1766 sanctis
845 1697 1041 1764 bominibus
1059 1695 1195 1761 sanctis·

82 1797 151 1862 que
182 1775 309 1862 angelis
338 1777 491 1846 diabolus
514 1803 591 1848 cum
614 1785 673 1846 suo
696 1799 769 1849 toto
792 1775 932 1870 corpore
954 1782 1116 1846 formatus
1138 1779 1193 1856 eil,
1326 1790 1333 1808 “

81 1879 156 1924 uon
176 1851 270 1938 iuxta
291 1865 382 1944 quod
404 1864 600 1930 naturaliter
622 1867 750 1942 sactus,
779 1867 836 1931 sed
856 1871 949 1945 juxta
971 1865 1063 1952 quod
1084 1861 1197 1948 supet-

83 1941 210 2006 bieudo
226 1942 369 2029 suaeque
385 1962 524 2012 naturae
539 1947 739 2034 dignitatem
755 1950 936 2014 deserendo
950 1949 1095 2012 futurus.
1118 1947 1195 2010 lllu·

83 2027 181 2090 detur
204 2025 296 2090 enlm
317 2049 335 2090 a
360 2027 481 2094 sanctis
502 2032 630 2117 angelis
654 2037 735 2110 ejus.
778 2030 1044 2096 Remanentibus
1066 2028 1124 2114 qui
1175 2049 1195 2092 e
1267 2030 1274 2064 r

82 2107 150 2172 illis
171 2109 260 2172 bons
279 2111 476 2188 voluntate,
514 2130 548 2178 et
569 2112 756 2178 conditoris
778 2112 883 2198 gratia
904 2111 979 2176 fixis
1001 2111 1038 2176 in
1062 2133 1100 2173 ea
1121 2051 1194 2174 iiii-

1 2245 2 2252 ,
82 2190 185 2256 citare
217 2189 254 2254 in
276 2211 341 2277 qua
362 2195 464 2260 creati
486 2195 573 2260 sunt.
614 2197 675 2260 Ille
696 2197 836 2282 superba
859 2193 1052 2294 ignorantia
1096 2215 1139 2256 ua
1161 2195 1204 2258 se-

83 2275 327 2372 casurumnon
348 2277 589 2366 praescit-eram
612 2299 691 2344 nam
712 2279 737 2342 fi
756 2279 952 2366 praesciret,
975 2277 1061 2342 sorta
1100 2275 1193 2340 ssibi

82 2361 294 2444 praevrdesst
323 2383 368 2426 ne
396 2365 549 2448 cadere't3
582 2366 663 2428 dece
689 2377 743 2428 tus
769 2361 987 2448 invidiaeque
1014 2360 1121 2424 livore
1143 2359 1195 2423 in·

84 2443 201 2527 flatus,
231 2439 267 2507 in
296 2444 388 2510 susm
416 2446 536 2534 sposrts
557 2448 628 2517 dela
655 2387 708 2510 iris
731 2445 774 2508 est
794 2443 972 2508 miseriam.
1013 2441 1093 2504 lulli
1111 2461 1193 2508 vero

2 2543 9 2554 ·
83 2523 245 2620 homines.
269 2529 426 2594 creatoris
450 2530 500 2595 sui
522 2551 562 2596 ac
580 2551 616 2594 re
642 2527 778 2617 cratoris
799 2527 925 2614 pietate
946 2523 1078 2588 liberati
1101 2539 1135 2586 et
1156 2525 1195 2588 il·
1301 2539 1313 2554 “

81 2606 257 2682 luminum
291 2611 441 2677 illudunt
472 2613 521 2688 ei,
556 2615 637 2678 dum
673 2612 781 2698 ipsum
812 2611 957 2674 latenter
978 2608 1085 2674 forma
1108 2607 1195 2672 boni
1319 2637 1325 2652 ·

2 2770 4 2776 y
82 2692 291 2768 coloratum,
313 2694 546 2781 virtutumque
567 2695 787 2760 similitudine
807 2693 892 2758 vitia
912 2688 1194 2778 mortiferumque

2 2790 3 2828 s
82 2772 231 2838 malitiae
252 2796 422 2840 venenum
438 2779 497 2863 sug
521 2793 670 2840 arentem
688 2777 887 2852 sentientes,
909 2797 989 2840 mox
1004 2789 1106 2860 caput
1119 2779 1192 2853 ejus

2 2854 13 2944 Γ.
84 2869 284 2932 conterunt,
309 2880 484 2958 escamque
498 2801 728 2946 ipiritualem,
760 2859 911 2924 divinam
933 2857 1094 2922 videlicet
1114 2879 1194 2943 pru·

41 2966 43 2974 ·
67 2936 232 3027 ‘dentiam
261 2962 348 3026 quse
382 2942 466 3006 viua
488 2963 507 3006 a
527 2941 708 3006 virtutibus
730 2941 874 3008 secernit
894 2963 938 3005 ne
960 2941 1100 3006 subdola
1121 2961 1194 3004 ver·

82 3019 170 3101 sutis
203 3039 260 3084 eos
290 3025 405 3090 fallere
438 3027 565 3102 valeat,
602 3025 756 3096 internae
787 3021 1000 3090 discretionis
1032 3021 1191 3088 dentibus

2 3106 4 3142 ³
34 3179 40 3186 ,
81 3103 342 3184 comminuunt,
363 3107 502 3196 verique
522 3109 606 3175 boni
627 3108 761 3173 sinceris
783 3108 925 3195 dapibus
938 3105 1034 3171 omni
1045 3104 1192 3170 mixtura

2 3195 4 3228 l
80 3187 161 3256 mali
190 3189 340 3276 purgatis
368 3205 561 3258 vescuntur.
609 3194 728 3280 Neque
758 3189 894 3256 illorum
915 3188 1090 3264 mulieres,
1123 3192 1192 3254 hoo

2 3278 6 3314 ⁵
81 3275 262 3352 estsensus,=
274 3274 497 3344 materialium
514 3297 626 3342 rerum
640 3274 834 3362 pulcritudo
850 3273 923 3340 deci
949 3273 993 3338 itt
1015 3294 1191 3358 perquam

2 3361 7 3485 ξ
81 3359 247 3506 ἓηῑίᾳιιιξο.
262 3359 399 3424 coluber
419 3358 598 3460 libidinosa
621 3357 845 3508 del‘pcsatione
863 3298 1191 3506 meiisntffffmo‘qti:

97 3465 151 3507 era
185 3461 348 3508 vitrorum
382 3465 514 3507 venena
551 3465 597 3508 rm
624 3465 663 3507 ru
689 3458 820 3508 ennom
861 3461 982 3506 ammas
1040 3463 1124 3504 run
1151 3463 1163 3504 1

3 3525 8 3598 l
82 3525 238 3590 Conterit
266 3547 346 3612 ergo
377 3525 515 3600 mulier,
549 3467 621 3592 hai
638 3528 681 3592 est
698 3527 827 3601 sensus,
848 3523 1013 3591 malitiam
1036 3523 1190 3590 bonitate

2 3613 9 3652 ⁸
58 3601 294 3695 ‘’discerpens,
316 3609 467 3675 fortioris
491 3609 661 3686 mulieris,
685 3609 751 3675 Dei
771 3609 866 3674 verbi
889 3607 983 3684 dico,
1004 3605 1190 3672 virtutibus

4 3693 9 3732 ²
80 3691 240 3770 incitata,'
262 3708 378 3777 mota,
398 3695 533 3774 adjuta,
557 3697 733 3768 roborata,
757 3709 792 3758 et
814 3695 856 3758 ad
876 3689 1121 3780 perfectionem
1137 3711 1189 3756 ac·

3 3779 9 3820 ¹
81 3773 186 3840 tionis
208 3789 242 3840 et
261 3775 556 3876 contemplatiouis
577 3781 761 3864 perducta,
784 3790 887 3863 caput
908 3775 1070 3860 serpentis
1091 3789 1124 3838 et
1137 3795 1189 3839 ca·

2 3861 9 3938 ,¹
79 3855 355 3956 pita-diabolicae
375 3860 539 3946 videlicet
551 3859 767 3957 suggestionis
781 3859 1061 3957 illecebrosaeque
1083 3859 1190 3954 delec-

2 3946 8 3990 ¹
80 3941 221 4018 tationis
251 3941 451 4029 primordia,
486 3947 579 4012 unde
609 3945 657 4010 eis
688 3943 817 4008 laeutia
843 3942 1026 4029 divinaque
1046 3941 1190 4006 efficitur

2 4037 8 4074 l
80 4023 255 4111 perfectio.
310 4027 425 4112 Qualis
459 4027 552 4094 euim
571 4033 677 4106 major
700 4023 829 4093 laetitia
849 4025 893 4090 est
915 4023 1130 4124 spiritualiter
1149 4022 1188 4086 in

4 4117 8 4158 l
80 4114 144 4174 bac
163 4107 235 4172 vita
256 4109 470 4194 degentibus,¹
493 4133 595 4198 quam
615 4108 822 4198 serpentinas
842 4107 1105 4196 libidrnosasque
1120 4105 1188 4172 dia·

80 4191 151 4260 boli
170 4189 331 4259 versutias
351 4191 389 4260 in
410 4194 525 4284 seipsas
543 4194 655 4285 primo
674 4193 900 4273 convincere,
922 4213 962 4262 ac
980 4191 1103 4260 deinde
1117 4191 1187 4254 srm-

697 4319 735 4384 27
