3038 4828
507 231 615 304 biber
638 229 793 304 weram.
1126 233 1207 306 26⁹
1287 284 1289 293 ,
1396 229 1398 238 ’

91 435 164 506 pes,
193 437 305 504 neque
332 415 467 483 veritati
497 416 682 484 convenire
708 414 918 497 judicamus.
955 417 1081 482 molem
1110 417 1201 486 illam

85 517 237 570 terream
258 497 369 586 primo
392 500 662 567 omnium‘fuiffe
684 515 845 576 creatam,
867 501 921 564 vel
942 498 1035 564 illam
1057 501 1203 584 abyssum

84 582 247 671 undique
268 582 356 650 circa
377 581 469 648 illam
492 583 672 666 diffusam„
688 583 878 681 deindeque
899 582 1149 662 firmamentum
1165 586 1202 652 in
1248 590 1251 600 ⁴

84 667 207 734 medio
230 686 390 752 aquarum
414 667 559 741 factum,
592 668 715 732 deinde
735 667 937 732 inferiorum
961 689 1120 754 aquarum
1144 668 1203 736 sub

85 752 189 816 coelo
210 749 477 824 remanentium,
498 751 535 816 in
559 753 803 816 unumlocum
817 749 1072 826 collectionem,
1094 753 1203 820 ullum

82 837 213 900 horum
235 833 396 902 localiter·
410 835 680 920 temporaliterve
702 833 794 898 aliud
815 833 1016 920 proceffiffe,
1039 836 1203 922 fiquidem

82 921 174 985 haec
198 915 329 991 omnia,
353 934 624 1004 caeterarumque
650 917 832 980 visibilium
848 939 960 982 rerum
975 934 1094 983 natura
1107 921 1203 988 simul

83 1017 120 1066 et
143 1002 248 1070 semel
270 1001 408 1066 condita
428 1002 524 1076 sunt,
548 1001 615 1065 [uis
636 999 859 1086 temporibus,
882 1017 917 1066 et
933 1001 1017 1066 locis
1035 1003 1201 1080 ordinata,
1287 1021 1291 1031 ¹

84 1101 122 1150 et
144 1083 343 1158 constituta,
377 1085 572 1172 nulliusque
593 1105 709 1149 eorum
732 1083 905 1170 generatio
927 1083 964 1149 iii
990 1086 1131 1163 formas,
1167 1103 1202 1153 et

82 1169 237 1255 speciei,
266 1166 491 1253 quantitates,
521 1185 555 1232 et
584 1168 760 1254 qualitates
790 1167 1043 1255 generationem
1064 1170 1202 1236 alteriue

81 1253 331 1337 temporalibus
358 1249 497 1316 morulis
525 1251 806 1337 praeoccupavit3
842 1251 898 1316 sed
919 1253 1014 1316 fimul
1037 1275 1077 1316 ex
1098 1270 1202 1320 aeter·

80 1335 137 1399 nis
169 1333 238 1399 suis
268 1333 474 1406 rationibus,
518 1334 554 1398 iii
596 1335 719 1420 quibus
749 1333 963 1398 effentialiter
990 1335 1133 1402 existunt
1162 1336 1200 1402 in

80 1421 199 1484 verbo'
229 1417 316 1491 Dei,
355 1420 624 1502 unumquodque
646 1419 830 1482 secundum
853 1440 959 1505 genus
992 1434 1026 1482 et
1052 1419 1201 1504 speciem

80 1503 197 1574 susm,
227 1508 455 1586 numerosque
484 1500 681 1566 individuos
712 1501 912 1599 procedere:
948 1501 1085 1566 Senaria
1107 1525 1200 1568 nam·

103 1607 148 1648 ue
171 1585 228 1648 fex
248 1581 435 1670 primorum
458 1582 588 1648 dierum
611 1599 798 1670 quantitas,
821 1600 855 1648 et
875 1583 1199 1670 intelligibilisdivi·
1269 1638 1274 1649 ,

80 1607 127 1732 io
152 1669 197 1734 de
219 1667 321 1730 causis
345 1665 558 1733 conditarum
579 1689 708 1740 rerum,
739 1670 847 1753 deque
892 1667 978 1730 rimo
1002 1681 1115 1732 earum
1136 1669 1199 1734 im·

105 1765 167 1814 ctu
195 1749 290 1814 simul
312 1747 348 1812 iii
370 1748 514 1834 primam
534 1749 656 1814 mundi
676 1753 776 1830 hujus
801 1691 891 1814 coni

78 1775 220 1919 iigittir,
254 1847 289 1894 et
314 1833 408 1918 quod
435 1833 536 1895 semel
566 1847 600 1895 et
625 1833 721 1896 simul
751 1855 769 1895 a
804 1847 953 1896 creatore
989 1833 1194 1910 factumest,

78 1913 206 1980 fenarii
227 1911 361 1980 numeri
382 1913 612 1999 perfectione,
636 1936 654 1977 a
676 1917 697 1977 S
725 1913 806 1977 iritu
825 1916 950 1978 Sancto
996 1937 1031 1983 er
1050 1919 1199 2005 Prophe·

81 2014 150 2064 tam
174 1995 392 2082 distinguitur
412 2018 483 2061 riori
506 2012 674 2082 tempore,
700 1938 762 2060 ied
782 1937 992 2092 intelligibiii
1015 1997 1199 2066 distinctio·

893 1749 1075 1814 itutioiiem
1098 1751 1198 1816 intel·

80 2105 143 2157 iic,
167 2096 210 2144 ut
232 2101 292 2166 per
312 2077 446 2144 numeri
467 2077 628 2144 virtutem
651 2077 787 2144 divinae
810 2078 1016 2166 operationis
1026 2083 1196 2177 perfectio

81 2163 309 2238 indicaretur;
334 2161 391 2226 hic
412 2183 558 2247 namque
580 2183 740 2226 numerus
761 2159 829 2224 [itis
851 2160 1003 2245 partibus
1022 2167 1195 2250 impletur,

80 2270 144 2313 nec
178 2263 289 2311 totum
315 2261 425 2342 partes
454 2246 603 2330 superat,
636 2265 702 2308 nec
729 2258 840 2329 partes
874 2257 1006 2320 totum;
1041 2262 1082 2310 ut
1103 2247 1196 2314 enim

79 2354 147 2396 vox
166 2331 343 2480 praecedit
363 2331 504 2392 verbum
524 2349 595 2392 non
618 2343 791 2413 tempore,
825 2326 883 2390 fed
904 2326 1022 2402 causa,
1046 2332 1089 2394 de
1109 2353 1196 2396 voce

79 2414 163 2502 fiqui
192 2437 245 2478 em
278 2411 317 2476 fit
337 2415 496 2486 verbum,
534 2410 645 2477 veluti
666 2413 707 2474 de
729 2411 873 2496 quadam
892 2410 1031 2478 materis
1054 2412 1196 2480 informi

80 2520 205 2584 corpus
227 2497 397 2582 quoddam
418 2496 616 2559 formatum:
651 2493 695 2558 sic
718 2495 759 2558 de
780 2493 885 2558 causta
907 2494 1019 2560 adhuc
1040 2495 1197 2584 incogni-

81 2581 143 2656 tis,
185 2601 224 2646 ac
244 2577 353 2642 veluti
374 2577 617 2652 invisibilibus,
640 2575 757 2642 formis
778 2579 890 2640 adhuc
911 2577 1103 2644 carentibus
1125 2603 1196 2648 om·

80 2665 180 2730 nium
203 2685 314 2727 rerum
335 2661 518 2726 visibilium
539 2659 705 2736 conditis,
730 2658 832 2725 nullis
854 2675 1047 2748 temporum
1066 2664 1193 2750 spatiis,

81 2751 133 2812 vel
153 2749 319 2822 „locorum
344 2743 571 2832 interpositis,
617 2743 712 2808 simul
742 2741 786 2806 in
809 2745 934 2808 formas
967 2768 1195 2834 numerosque

80 2833 234 2895 locorum
261 2845 294 2892 et
322 2844 512 2916 temporum
541 2829 707 2914 producta
738 2827 799 2889 ests
834 2841 869 2891 et
896 2825 955 2914 qui
993 2831 1034 2892 de
1054 2829 1194 2897 materia
1298 2865 1302 2874 ι

82 2913 222 2980 informi
247 2915 415 2978 mundum
445 2910 544 2987 fecit,
577 2911 862 2997 quemadmodum
886 2931 957 2974 non
983 2909 1121 2978 aliunde
1143 2935 1196 2979 ao·
1285 2968 1287 2972 .

145 2997 176 3062 it
194 2995 383 3069 materiam,
416 2998 544 3081 deque
565 2994 710 3068 fecerat,
744 2993 800 3056 sed
822 2995 864 3057 de
884 2993 1014 3079 seipso,
1034 2995 1125 3060 etin
1146 2997 1195 3062 se·

82 3079 152 3165 ipo
176 3095 211 3143 et
232 3078 384 3164 accepit,
417 3093 451 3142 et
470 3077 571 3152 fecit;
607 3073 662 3144 ita
675 3097 787 3162 neque
807 3075 882 3140 ioca
905 3092 996 3140 extra
1017 3078 1050 3142 se
1072 3079 1195 3166 quaeli-

83 3164 150 3238 vit,
174 3162 211 3227 in
233 3163 356 3261 quibus
377 3161 518 3239 faceret,
539 3182 651 3246 neque
673 3175 825 3305 tempora
844 3159 1025 3246 spectavit,
1048 3183 1194 3247 quorum

83 3245 267 3311 intervallis
295 3267 380 3331 opus
401 3245 498 3308 suum
519 3257 713 3330 perageret,
762 3241 860 3306 edin
881 3241 988 3329 seipso
1010 3243 1125 3309 omnia
1147 3246 1194 3310 fe·

86 3330 150 3405 cit,
183 3329 243 3418 qui
264 3331 360 3394 locris
382 3329 535 3392 omnium
557 3327 621 3401 est,
645 3341 680 3390 et
700 3339 834 3412 tempus
857 3341 1068 3413 temporum,
1092 3343 1127 3398 et
1146 3329 1193 3392 se·

84 3415 194 3478 culum
217 3414 424 3487 seculorum
447 3409 506 3498 qui
528 3410 621 3474 fimul
644 3425 801 3494 operatua
823 3407 884 3486 cst,
908 3407 1023 3474 omnia
1044 3409 1136 3478 enim
1151 3411 1190 3474 in

83 3512 253 3562 momento
276 3495 368 3561 oculi
387 3495 477 3561 facta
499 3495 586 3558 sunt.
629 3495 716 3558 Nam
739 3508 852 3567 etet,
888 3515 974 3578 quae
997 3515 1058 3580 per
1078 3493 1193 3560 cursus

84 3593 272 3666 temporum
287 3578 440 3644 distincta
451 3576 703 3665 generationem
723 3592 937 3662 acceperunt,
959 3592 993 3641 et
1005 3575 1190 3663 accipiuflt,

84 3677 117 3726 et
137 3678 315 3750 acceptura
338 3663 435 3737 sunt,
470 3661 566 3726 simul
588 3676 623 3726 et
642 3660 743 3724 semel
763 3657 801 3724 iii
822 3657 894 3745 ipso
919 3661 1123 3736 factasunt,
1153 3660 1191 3724 iii

105 3767 147 3812 iio
169 3761 204 3812 et
224 3745 421 3834 praeterita,
444 3759 479 3810 et
522 3741 703 3817 raesentia,
732 3757 766 3808 et
787 3741 901 3807 futura
922 3743 961 3807 iu
982 3765 1090 3810 unuin
1113 3744 1192 3808 [unt

139 3831 174 3894 iil
194 3845 230 3898 et
250 3829 361 3894 temet.
402 3831 486 3892 Prae
511 3827 578 3893 icta
599 3826 714 3914 itaque
735 3824 900 3912 opinione
919 3828 1070 3914 repulsa,
1092 3847 1190 3912 quae·

83 3911 164 3978 ritur
191 3913 308 4002 quales
334 3909 526 4001 aquae'sub
557 3913 673 3985 coelo,
702 3917 791 3996 'quae
812 3925 1034 3999 congregatae
1054 3912 1134 3974 [urit
1152 3910 1190 3974 iii

82 3995 192 4062 locum
221 4019 349 4073 tinum,
383 4011 419 4062 et
447 3993 523 4084 quis
554 3993 598 4060 'est
617 3995 713 4062 locus
736 3991 793 4058 itte
814 4015 914 4058 unus.
955 3997 1070 4080 Aquae
1092 3993 1116 4058 t
1139 3992 1205 4058 ui··

84 4079 156 4146 dciii
175 4079 368 4155 [entibiles,
407 4101 494 4168 quae
513 4077 648 4166 vulgari
668 4075 836 4144 vocabulo
856 4075 957 4143 maria
979 4093 1014 4142 et
1034 4080 1098 4160 aby
1157 4089 1193 4138 ct

86 4163 199 4234 oceani
221 4165 453 4252 appellantur,
476 4183 554 4230 mox
576 4177 614 4228 ut
636 4181 675 4228 eii
696 4157 840 4226 occultis
861 4159 928 4226 [uia
949 4161 1052 4227 caulis
1075 4179 1190 4246 erupe-

716 4279 794 4346 tt*
