3048 4856
263 121 351 246 ddi·
552 106 556 130 Ι
582 171 657 240 -ve
677 171 859 257 Dioieione
877 167 1051 258 Naturae.

265 355 350 422 iusso
369 373 456 441 quae
477 354 521 428 est
533 354 695 423 *omnium
715 352 894 422 substantia
917 369 953 423 et
972 349 1130 432 eironeia,
1151 365 1188 420 ot
1207 371 1379 438 quaeeun-

264 461 332 588 3ue
352 435 389 503 in
412 435 460 504 eis
480 439 677 538 namreiiter
695 438 947 538 intelligimur.
988 435 1078 504 Audi
1100 431 1202 533 etiam
1219 435 1383 534 'ejusdem

290 544 319 621 e·
352 519 535 604 roceffione
556 525 618 608 <los¹
631 545 695 623 per
715 543 848 620 omma,
878 520 1105 620 etmani'sone
1124 539 1163 584 m
1182 519 1304 616 laepia:
1337 537 1383 580 sn

265 605 709 777 ftptistfffz‘iif‘ffii
726 604 1115 774 iitfffflifineiss?
1115 622 1202 765 21³3?
1204 615 1384 768 teptis?

264 773 463 864 Duplicem,
510 770 645 1028 Tfffit’
688 795 793 837 escam
826 775 961 838 Divina
983 767 1160 862 sapientia
1196 769 1388 850 proponit:
1496 775 1498 796 ⁴

265 879 361 924 taram
389 857 520 942 quidem
565 857 687 922 olidam
707 872 742 926 et
762 845 1017 922 manducabilem
1024 878 1038 930 ‚-
1067 853 1206 916 aiteram
1225 873 1303 918 vero
1323 853 1385 912 bu·

139 1001 143 1016 ‚
227 939 229 945 ⁴
264 941 388 1004 midam
410 953 444 1003 et
460 962 523 1024 pro
543 963 563 1004 u
580 962 651 1014 am,
676 954 711 1004 et
733 944 768 1005 in
788 953 915 1004 cratere
934 940 1080 1022 porrigit
1099 936 1279 1019 prouidens
1293 929 1385 1025 suas

264 1025 444 1090 bonitates.
485 1031 530 1106 Ip
546 1045 596 1088 tus
616 1027 721 1107 igitur
742 1039 851 1090 crater
870 1024 1031 1092 rotundus
1051 1021 1127 1086 dam
1135 1017 1193 1120 fit
1212 1031 1246 1082 et
1263 1039 1385 1100 repan-

264 1109 346 1185 dus,
359 1103 544 1195 fymbolum
563 1104 612 1198 est
634 1099 800 1194 expansae
811 1105 915 1200 fimul
935 1119 970 1168 et
997 1109 1032 1168 in
1055 1126 1165 1170 omma
1185 1106 1384 1168 circumeun-

264 1195 314 1260 ets
322 1187 400 1281 fine
419 1194 587 1275 principio
610 1205 644 1256 et
665 1191 816 1294 infinitae
835 1195 947 1258 borum
969 1189 1110 1252 omnium
1131 1186 1381 1268 providentiae.

268 1280 491 1344 Veruntamen
511 1277 663 1362 quoniam
684 1299 719 1340 sn
738 1277 848 1341 omnia
874 1274 1068 1358 proveniens
1090 1283 1201 1338 manet
1221 1273 1256 1335 in
1270 1265 1310 1357 [e
1331 1271 1386 1349 ip-

260 1353 304 1452 fa
325 1374 362 1433 et,
371 1359 452 1452 stat
472 1359 668 1425 immutabili
688 1373 827 1424 naturae
835 1353 1068 1450 fimilitudine,
1091 1367 1125 1418 et
1139 1345 1386 1442 perfeetiffima

190 1479 195 1488 ·
264 1441 573 1590 iraemeabiiiter‘fe
595 1435 671 1534 ipsa
691 1444 853 1508 collocata
873 1433 1084 1530 uniformiter
1104 1449 1138 1500 et
1149 1436 1227 1530 fixe
1235 1430 1292 1524 sec
1308 1456 1385 1497 era·

211 1527 213 1534 ⁴
265 1541 319 1592 ter
338 1525 429 1620 stat.
471 1535 520 1596 Ae
546 1531 558 1590 i
585 1548 663 1589 cans
689 1539 798 1590 autem
835 1525 988 1608 apientia
1009 1522 1138 1588 domum
1149 1517 1221 1610 sebi
1236 1521 1382 1594 dicitur,

266 1625 302 1674 et
323 1614 357 1674 in
378 1609 452 1700 ipfa
462 1607 598 1702 solidas
620 1632 711 1674 escas
732 1623 767 1672 et
786 1621 889 1692 potus
909 1619 945 1670 ct
965 1617 1097 1670 cratera
1110 1623 1315 1686 proponens:
1323 1597 1384 1693 stc
1497 1659 1498 1668 ,

269 1689 334 1782 effe
353 1696 488 1758 Divina
508 1695 670 1754 divinitus
705 1693 835 1772 ymbola
845 1683 1061 1780 facientibus.
1080 1688 1223 1768 clarum,
1247 1688 1327 1774 quia
1347 1697 1386 1748 et

264 1775 482 1856 providentia
506 1771 648 1858 perfecti
673 1795 741 1836 ema
770 1771 819 1860 esi
851 1766 922 1866 ipse
948 1765 1072 1922 efendi
1104 1783 1138 1834 et
1159 1765 1385 1861 beneseffentt

265 1860 378 1922 omnia
407 1850 569 1947 causalis,
599 1869 634 1918 et
661 1859 696 1919 in
727 1857 838 1922 omnia
858 1876 957 1936 praee
983 1859 1029 1926 it.
1069 1866 1104 1916 et
1124 1857 1159 1918 in
1179 1857 1265 1918 omni
1275 1849 1326 1944 fit
1346 1865 1386 1916 et

268 1943 423 2006 cantaret·
446 1942 574 2008 omnia:
605 1951 641 2003 ct
669 1942 788 2002 iterum
817 1933 890 2031 ife
920 1939 956 2000 in
971 1929 1043 2030 fefe
1061 1951 1123 2020 per
1143 1937 1384 2012 excellentiam,

268 2024 389 2088 nulium
411 2026 446 2086 in
464 2023 551 2088 mello
570 2043 632 2103 per
651 2023 772 2086 stallum
795 1961 853 2112 ef
887 2021 954 2086 Sed
967 2021 1137 2086 exaltatur
1149 2019 1298 2086 omnibus
1312 2013 1386 2108 ipse

172 2143 174 2148 ¹
268 2111 304 2172 in
315 2102 358 2202 fe
379 2103 451 2198 ipso
487 2108 624 2171 imiliter
645 2118 679 2168 et
698 2108 913 2170 aetemaiiter
933 2109 990 2168 exi
1022 2127 1078 2167 ens
1097 2115 1132 2167 et
1140 2102 1244 2192 stans
1265 2117 1300 2166 et
1314 2125 1384 2166 mao-

266 2215 364 2268 nens,
389 2204 424 2254 et
461 2213 570 2272 emper
580 2183 763 2290 fecundum
784 2191 898 2253 eadem
920 2202 954 2252 et
989 2212 1020 2254 ee
1030 2183 1223 2281 fe'habens,
1247 2200 1281 2250 et
1293 2187 1382 2252 nulio

268 2276 365 2339 modo
396 2289 495 2336 extra
539 2298 556 2336 e
579 2272 685 2360 ipsum
697 2268 842 2364 factus:
871 2294 971 2353 neque
991 2274 1140 2354 propria·
1151 2273 1326 2354 grauitate
1348 2283 1384 2334 et

268 2358 526 2422 incommutab‘e
546 2352 709 2444 manfione
731 2370 766 2419 et
785 2357 933 2421 bonitate
955 2354 1140 2446 restrictus,
1151 2348 1221 2446 fed
1241 2369 1276 2418 et
1296 2357 1331 2421 in
1344 2349 1385 2446 fe
1497 2401 1498 2414 ,

268 2435 343 2530 ‘ipso
377 2452 472 2504 totas
499 2453 533 2504 et
562 2432 817 2532 perfectiffimar
842 2440 1074 2521 providentias
1095 2461 1115 2501 o
1141 2445 1221 2503 time
1241 2459 1386 2518 operans

267 2538 303 2586 et
322 2526 516 2607 proveniens
537 2525 572 2586 in
591 2527 721 2588 omnia:
741 2537 774 2587 et
795 2545 928 2586 manem
949 2517 1037 2618 infe
1057 2462 1139 2614 ipsij
1150 2535 1184 2586 et
1189 2521 1292 2612 stans
1290 2515 1383 2611 fene·

216 2671 219 2682 ,
243 2679 245 2686 Α
269 2629 331 2688 per
351 2620 467 2671 motus.
510 2607 749 2672 Animadverte
768 2607 856 2751 im
879 2608 948 2677 ait,
971 2608 1006 2672 in
1025 2609 1135 2670 omnia
1153 2607 1323 2689 procedit,
1347 2617 1385 2670 et

270 2694 307 2751 ia
327 2693 414 2751 omni
425 2688 501 2776 fit,
522 2690 609 2772 quod
630 2695 731 2754 etiam
751 2713 772 2750 a
787 2691 833 2752 ibi
853 2689 1003 2754 declarat
1023 2690 1156 2765 dicens5
1186 2688 1384 2759 Audendum

270 2793 349 2835 uero
372 2784 406 2833 et
426 2775 487 2836 noe
508 2773 551 2833 de
570 2773 717 2837 ueritate
737 2773 867 2836 dicerer
897 2775 976 2859 quia
1000 2785 1034 2836 et
1054 2775 1091 2853 ip
1110 2797 1126 2833 e
1146 2776 1286 2836 omnium
1306 2794 1383 2835 ease-

260 2847 351 2946 faiis
371 2854 457 2920 bono
479 2868 514 2918 et
534 2859 660 2937 optimo
679 2859 819 2924 omnium
840 2879 948 2920 amore
969 2877 1030 2939 pes
1044 2857 1276 2921 excellentiam
1291 2877 1381 2920 ama·
1461 2853 1463 2858 ’

267 2940 375 3004 toriae
394 2939 557 3006 bonitatis
578 2951 676 3005 extra
688 2933 730 3032 fe
752 2935 857 3032 ipsum
869 2937 920 3031 fit
941 2943 976 3002 in
997 2943 1107 3004 omnia
1121 2936 1293 3034 quaesunt
1306 2960 1383 3022 pro-

266 3023 446 3098 videntiis,
474 3035 508 3084 et
532 3023 637 3086 velati
669 3027 704 3086 in
729 3021 897 3096 bonitate,
931 3036 966 3086 et
985 3023 1180 3102 dilectione,
1219 3035 1254 3086 et
1273 3043 1382 3089 amore

132 3177 139 3187 ¹
179 3149 190 3176 s
259 3099 367 3196 fovet
398 3122 433 3170 et
466 3119 630 3186 exuperat
660 3109 769 3172 omnia
797 3107 839 3169 ab
867 3105 1014 3170 omnibus
1043 3104 1185 3183 rem'oto,
1215 3107 1325 3184 ‘odam
1345 3110 1381 3170 in

129 3199 132 3204 '
267 3189 414 3255 omnibus
440 3183 613 3274 fecundum
641 3203 748 3254 mente
769 3191 978 3254 excedentem
989 3183 1296 3338 supereffentialem
1318 3212 1379 3271 po·

267 3277 406 3336 tentiam
428 3275 582 3335 incoreoer
596 3273 766 3354 tbs'iemque
776 3267 887 3420 1fuam.
912 3273 976 3337 Hie
999 3273 1101 3338 etiam
1136 3288 1213 3337 avet
1229 3275 1379 3354 ejusdam

266 3349 420 3437 Dionyfii
436 3355 602 3420 sententsa
613 3378 713 3442 quam
729 3377 770 3420 ex
808 3354 993 3442 heologicie
1008 3354 1258 3423 commentariis
1276 3355 1381 3421 scien-

269 3436 382 3502 tiffimi
403 3435 582 3502 Hierothei
603 3440 747 3526 sumpfit.
794 3443 963 3512 Omnium.
994 3437 1130 3528 inquit,
1159 3434 1261 3531 eausa
1280 3453 1315 3504 et
1333 3462 1382 3504 re·

266 3522 398 3602 pietiva
421 3513 501 3613 Jefa
528 3521 640 3588 deitas
670 3537 787 3604 partes
821 3520 1029 3612 univerfitati
1048 3519 1207 3619 consonas
1215 3518 1359 3618 salvans
1366 3547 1381 3601 ‚⁰

266 3627 370 3690 neque
389 3625 471 3687 pars
491 3627 595 3692 neque
617 3619 725 3671 totum
745 3607 797 3702 est
817 3621 851 3672 et
871 3621 977 3674 totum
999 3621 1034 3672 et
1053 3632 1152 3691 pars.
1174 3620 1213 3672 ut
1233 3631 1325 3673 amice
1345 3621 1380 3672 et

267 3701 400 3771 partem
425 3701 587 3754 ettotum
609 3693 644 3756 in
655 3685 767 3780 semet
788 3685 864 3785 ipsa
884 3689 1069 3760 coambiens
1090 3707 1125 3758 et
1132 3690 1381 3784 supereminens

199 3775 206 3784 '
266 3786 303 3836 et
324 3773 495 3838 excellens.
528 3765 685 3864 Perfecta
729 3777 835 3842 uidem
856 3775 905 3868 ef!
926 3777 961 3840 in
982 3771 1189 3868 imperfectis
1202 3769 1380 3865 atperfec·

268 3859 321 3922 tio
349 3855 565 3940 principalis.-
596 3796 796 3953 imperfecta
820 3881 899 3926 vero
919 3854 1138 3950 inperfectis
1156 3853 1381 3952 tmquamfu·

225 3997 245 4032 4
265 3960 328 4024 per
356 3934 531 4032 perfecta,
564 3953 598 4005 et
626 3956 706 4010 ante
731 3939 888 4032 perfecta
907 3935 1028 4034 forma
1037 3939 1256 4040 formificans
1274 3949 1310 4010 in
1333 3946 1380 4008 in-

258 4017 429 4116 formibus
458 4038 616 4113 tanquam
637 4022 760 4118 forma
784 4029 995 4112 principalis.
1040 4022 1203 4120 Informis
1235 4031 1272 4094 in
1300 4023 1380 4118 ipsu

260 4105 396 4200 formis.
409 4121 566 4199 tanquam
578 4106 816 4210 superfmmis.
860 4106 1013 4208 Effcntia
1034 4116 1140 4184 totius
1158 4107 1316 4210 effsatiae
1333 4115 1378 4181 in·
