3036 4862
322 207 405 284 808
454 205 457 212 ’
658 212 713 282 De
732 213 914 284 Daciam
932 211 1106 288 Nattae.
1161 263 1162 268 =

327 395 411 466 lieet
434 395 640 484 pmmue.
682 393 720 462 ci
746 399 828 464 i'teio
849 397 1098 485 quodammodo
1119 399 1435 476 antiochiani,

352 477 568 546 ulcritudine.
587 477 688 544 illiue,
706 478 744 544 in
765 502 832 578 qao
855 497 944 560 erit,
979 483 1179 548 denudatur.
1221 481 1278 548 Sic
1299 483 1438 570 quidem

355 562 473 629 'cimui
495 561 713 626 similitudine
734 562 844 649 princi
870 563 930 631 alia
951 563 1095 652 exeiupli
1109 565 1348 652 pulcritudinis
1363 565 1436 632 ini·

327 669 423 715 mum
450 643 582 720 cineri,
615 643 722 710 veluti
743 649 834 732 quod
859 667 912 722 ini
933 647 1104 734 speculum
1125 649 1314 714 charactere
1335 671 1437 748 appi·

327 728 434 795 centii
455 729 659 794 formatumt
684 731 777 809 juxta
800 733 939 796 eandem
963 729 1149 816 analogiam
1171 730 1272 796 etiam
1294 731 1438 796 admini-

327 812 459 878 stratam
485 811 559 876 aie
579 826 732 876 naturam
753 814 875 878 habere
896 811 1046 878 animum
1067 807 1281 890 arbitramur,
1311 814 1437 899 pulcri·

327 894 514 982 rudineque
537 915 622 981 quae
642 895 683 959 ab
704 893 765 960 illo
786 895 844 971 eit,
869 894 975 982 iplani
988 894 1117 970 ornari,
1138 895 1245 960 veluti
1263 900 1436 984 quoddam

326 976 454 1128 speculi
474 977 646 1075 speculum
666 976 806 1056 factam,
829 978 1004 1066 tenerique
1025 977 1152 1076 abipsa
1171 995 1290 1044 etcom
1315 983 1436 1044 rehen-

346 1060 555 1161 imatenile
574 1058 787 1136 substantiae.
810 1063 878 1127 hoc
899 1062 962 1138 est,
994 1063 1201 1128 materialem
1220 1063 1279 1127 iub
1306 1064 1435 1128 antiim

324 1164 558 1314 iiiiii&
576 1143 1435 1326 2⁹3¹}⁶3:533itttinfltttt‘mtittit

325 1311 557 1375 aitit1donec
589 1309 730 1374 formam
760 1332 863 1397 quam
890 1311 1066 1382 stabilitet,
1088 1311 1235 1394 materia
1263 1309 1433 1378 invemat.

324 1391 362 1460 si
393 1413 472 1480 eigo
502 1394 644 1458 habetur
664 1395 705 1458 ab
729 1395 832 1458 altero
854 1394 996 1459 alterum
1016 1413 1076 1480 per
1096 1391 1210 1460 omnia
1230 1393 1434 1460 corrationa-

324 1473 445 1541 biliter.
460 1474 530 1564 ipsa
550 1475 623 1540 veri
643 1471 726 1540 boni
747 1475 888 1541 societati
911 1478 1109 1542 deducendo
1124 1497 1183 1564 per
1197 1475 1234 1542 id
1250 1479 1341 1562 quod
1357 1479 1434 1564 iup-

324 1555 467 1647 ponitur
481 1557 529 1624 id
562 1559 653 1646 quod
672 1559 880 1646 consequent
902 1559 1100 1635 formificat,
1129 1561 1196 1624 hcc
1217 1559 1261 1624 eli
1280 1581 1343 1646 per
1362 1559 1434 1624 ani·

324 1663 415 1708 mam
446 1655 598 1706 naturam
631 1661 692 1726 per
719 1657 874 1707 naturam
893 1641 1075 1708 materiam.
1119 1643 1207 1716 Cum
1226 1663 1307 1707 vero
1332 1641 1435 1710 effici·

216 1747 221 1762 ·
324 1739 383 1798 tur,
392 1727 493 1803 hujui
511 1722 659 1809 optimae
671 1723 961 1790 connaturalitatii
981 1723 1155 1810 diepersim
1180 1739 1214 1789 et
1223 1725 1430 1792 conuitium

323 1808 531 1893 consequent
550 1806 653 1870 fuerit
674 1807 941 1904 tranigredienti·
954 1807 1223 1894 supereminent,
1254 1807 1355 1873 etiam
1378 1807 1429 1894 ip·
1497 1869 1498 1892 q

323 1890 388 1955 lim
417 1886 576 1955 materiae
606 1911 683 1954 cum
710 1892 855 1966 delolata
884 1889 987 1956 fuerit
1018 1911 1057 1954 ex
1080 1905 1198 1966 natura
1217 1887 1431 1988 redarguitur

326 1969 532 2039 deformiter.
583 1971 739 2040 lnfotiuii
770 1971 861 2038 enim
891 1995 944 2040 rei
966 1975 1128 2071 quaedam
1150 1973 1194 2036 est
1212 1995 1273 2060 per
1293 1974 1432 2060 ieipiim

321 2053 484 2130 materie,
508 2071 542 2120 et
564 2053 776 2142 imperfectae
800 2071 835 2120 et
854 2055 954 2143 ipsiui
975 2055 1182 2120 informitate
1203 2055 1431 2142 corrumpitur

322 2137 517 2240 pulcritudo
546 2154 685 2237 nquiiie
713 2138 750 2204 iii
778 2159 844 2238 qua
864 2161 925 2236 per
946 2137 1091 2236 animani
1113 2139 1293 2214 formatur,
1327 2159 1366 2203 ac
1385 2139 1430 2238 iic

321 2221 1189 2390 attitittttttffiitfftt&titii
1206 2225 1432 2369 tm

320 2407 359 2452 re
386 2385 541 2473 figmenti
568 2387 763 2451 confideret.
805 2385 893 2449 Nam
919 2384 1026 2450 veluti
1053 2387 1224 2472 quoddam
1253 2385 1428 2472 speculum

320 2483 410 2535 retro
439 2471 607 2535 bonorum
636 2468 778 2535 formam
810 2467 942 2532 animus
972 2468 1099 2543 factae,
1132 2466 1271 2554 projicit
1289 2468 1429 2556 quidem

320 2551 463 2639 fulgoris
483 2549 567 2616 boni
587 2549 746 2632 notitiai3
779 2549 938 2615 materiae
957 2570 1037 2616 vero
1058 2549 1302 2620 informitatem
1322 2551 1360 2616 in
1381 2553 1430 2618 le·
1497 2585 1498 2630 3

320 2633 430 2723 iplum
459 2633 628 2699 absorbet:
663 2633 783 2696 et=lioc
802 2635 905 2698 modo
926 2631 965 2698 fit
984 2631 1066 2700 mili
1086 2632 1259 2720 generatio
1305 2657 1340 2698 ei
1359 2634 1430 2722 pri·
1497 2639 1498 2702 1

319 2718 494 2784 vidonem
526 2713 608 2782 boni
643 2714 804 2780 subtexta.
854 2717 990 2780 Bonum
1018 2736 1098 2780 vero
1128 2715 1173 2780 est
1223 2729 1254 2780 ii¹
1294 2739 1455 2804 cunque

198 2847 201 2859 .
319 2798 554 2888 conloquitur,
577 2801 669 2886 quod
689 2797 837 2896 primum
856 2799 986 2864 bouum
1007 2797 1143 2945 proprie
1163 2738 1286 2875 heieu
1322 2803 1429 2888 quod·

319 2904 387 2949 cun
438 2905 457 2947 e
488 2903 568 2946 vero
598 2897 689 2947 extra
717 2881 810 2946 illam
838 2883 995 2968 copulam
1016 2896 1051 2945 et
1093 2879 1320 2961 militudinem
1340 2905 1429 2970 qnae

319 2971 363 3033 id
391 2965 478 3030 ilud
507 2965 551 3028 eit
578 2963 739 3039 efficitur,
770 2985 808 3028 ei
836 2985 887 3030 aii
914 2963 997 3030 boni
1028 2963 1168 3030 omuino
1190 2963 1243 3028 est.
1287 2965 1323 3029 Si
1346 2987 1427 3052 ergo

316 2987 1263 3215 attitiaiiti⁰tliiini{filati
1288 3051 1428 3196 tii

317 3213 389 3302 ipie
408 3217 510 3284 habet
529 3215 638 3278 bonna
661 3213 743 3293 elie3
766 3227 886 3276 natura
905 3232 987 3278 vero
1011 3233 1097 3296 quae
1118 3211 1295 3280 ab.animo
1316 3212 1426 3280 conti·
1497 3225 1498 3238 ³

318 3313 435 3373 netur,
457 3293 565 3360 veluti
586 3296 749 3380 quaedam
768 3292 880 3380 imago
901 3290 1058 3380 imaginis
1082 3293 1142 3358 esti
1176 3315 1218 3360 ex
1236 3294 1289 3360 hii
1311 3311 1426 3362 autem

224 3441 228 3450 .
317 3379 502 3447 ostenditur
530 3375 609 3474 quia
636 3376 807 3442 materiale
827 3377 974 3443 nostium
994 3375 1208 3448 constituitur
1228 3377 1364 3464 quidem
1388 3393 1426 3442 et

165 3533 169 3542 Α
279 3457 284 3472 ’
317 3463 614 3550 comprehendatur
635 3481 713 3524 cum
734 3479 775 3524 ex
794 3475 914 3524 natura
935 3458 1195 3546 administratum
1216 3460 1426 3526 solviturve-

315 3566 354 3611 ro
374 3545 498 3610 iterum
519 3557 553 3607 et
573 3540 701 3610 decidit
724 3563 803 3608 cum
825 3561 844 3606 a
865 3541 1064 3608 continente
1086 3541 1200 3608 animo
1220 3558 1255 3608 et
1273 3565 1424 3642 compie-

245 3639 249 3658 ¹
314 3630 487 3701 hendente
506 3625 691 3714 separatur,
721 3638 755 3690 et
775 3626 815 3690 ab
837 3622 908 3711 ipsa
929 3627 972 3688 ad
991 3625 1120 3692 bonum
1141 3629 1425 3692 connaturalitate
1497 3679 1498 3692 ,

316 3709 531 3798 diapergitui.
574 3711 651 3772 Hoc
681 3721 795 3780 autem
817 3727 888 3772 non
910 3705 1006 3772 aliter
1027 3707 1190 3783 efficitur,
1220 3731 1320 3795 quani
1342 3730 1424 3776 cum

313 3801 454 3860 naturae
474 3796 517 3860 ad
538 3789 745 3858 contrarium
764 3789 805 3859 fit
823 3789 1014 3858 couversioi
1037 3793 1117 3857 dum
1133 3791 1331 3860 desiderium
1345 3814 1421 3861 nou

315 3879 359 3943 id
380 3879 530 3953 bonum,
559 3875 617 3942 led
636 3876 688 3940 ad
715 3871 753 3938 id
784 3875 877 3960 quod
908 3872 1083 3940 formantia
1103 3871 1239 3962 indiget
1256 3875 1422 3943 intuetur.

313 3959 451 4026 nieme
470 3959 515 4027 att
535 3957 628 4026 enim
647 3975 786 4024 omnem
803 3953 978 4025 materiam
996 3977 1057 4042 per
1077 3956 1253 4054 egestatem
1263 3957 1423 4047 propriae

314 4041 442 4127 inimic
461 4041 499 4108 in
522 4040 668 4128 aliquam
686 4039 821 4108 foedam
840 4057 880 4106 ac
897 4037 1080 4116 delormem
1107 4038 1292 4128 imaginem
1315 4057 1422 4109 trini·

314 4125 461 4196 formari.
480 4111 526 4192 Iit
537 4121 731 4214 paulopost.
751 4123 800 4193 dc
808 4122 945 4210 perhoc
956 4121 1165 4212 consequent
1174 4121 1422 4218 contemplatio
