2866 4822
472 288 581 362 atter
602 291 763 378 onam.
1089 293 1168 365 aaa

53 476 132 538 nsua
157 485 191 538 et
211 437 433 560 intelligimuo
454 475 673 578 administrari
685 483 699 556 ,'
713 471 809 546 extra
829 495 929 626 appiam
950 477 1057 576 omne
1072 477 1166 566 quod

54 555 100 621 est
121 569 164 621 et·
177 559 361 646 quodnou
384 559 446 633 est,
468 563 582 648 egredt
603 577 674 631 non
694 561 810 648 potest.
876 583 936 628 am.
949 581 1064 624 omma
1078 581 1165 646 quaa

54 639 159 704 eitra'
172 639 347 720 beatorum
370 641 523 718 ordinem
545 647 780 732 expelluntur,
803 659 895 710 extra
917 641 1048 710 divinata
1069 645 1163 732 legen

49 721 101 788 irt'
113 722 236 822 quibua
259 725 489 802 continentur,
508 731 649 794 evadere
670 748 741 795 non
758 729 907 874 poliunt,
931 743 965 792 et
979 747 1065 814 quae
1078 748 1096 790 a
1111 727 1170 790 [ιιι.

50 806 243 892 penoribua
263 807 448 872 ‘ordinibus
481 813 625 886 cadunt.
659 809 696 876 in
713 809 754 874 ‘in
772 811 894 876 eriorea
915 809 1050 877 ordines
1073 809 1163 876 deci·

52 891 134 955 dere
154 889 260 978 inque
282 891 329 955 eia
354 891 498 958 detineri
520 915 559 960 co
608 909 699 960 ntur.
728 893 847 960 Omnia
869 893 960 958 enim
979 896 1072 966 urdo.
1096 893 1163 958 sive'

51 971 202 1038 sammua
231 973 358 1040 sursum
388 976 518 1054 uersus,
581 999 623 1042 ve
657 981 823 1058 extremus
852 979 1004 1048 deorsum
1037 977 1161 1051 versuo,

48 1055 119 1144 srva
147 1055 281 1122 medina
309 1073 346 1122 et
379 1061 492 1124 a'Deo
514 1061 558 1124 est
577 1061 775 1128 constitutur
798 1075 833 1126 et
851 1059 940 1126 intra
961 1081 1038 1125 eum
1060 1059 1165 1124 collo·

50 1137 164 1215 ditur,
195 1156 286 1206 extra
318 1161 418 1228 quem
446 1132 534 1210 nihil
561 1145 623 1221 cll,
661 1159 695 1210 et
714 1145 803 1209 intra
825 1167 924 1231 quern
947 1165 1048 1210 omne
1070 1143 1163 1228 quod

50 1223 100 1286 esl
129 1239 164 1286 et
195 1243 297 1287 omne
326 1229 417 1311 quod
445 1247 516 1290 non
548 1229 608 1304 esi,
640 1227 787 1293 n‘irabili
819 1243 854 1291 et
872 1225 1037 1292 ineffabili
1057 1227 1162 1290 modo

47 1308 360 1402 comprehenditur.
412 1307 493 1374 Sive
525 1332 604 1398 ergo
627 1311 743 1376 diltcro
764 1311 936 1376 infernum
959 1310 1038 1386 esse,
1067 1307 1160 1396 quod

49 1390 224 1474 Sonptura
253 1391 388 1456 testatur
409 1391 545 1468 divina,
576 1395 641 1459 srve
661 1415 828 1481 negavero
850 1393 887 1458 in
908 1407 1028 1458 natura
1049 1401 1160 1456 rerum

48 1493 125 1536 non
156 1471 238 1546 effer
269 1493 391 1562 negare
413 1495 483 1540 non
504 1493 623 1564 potero
645 1478 733 1542 intra
756 1499 794 1542 ea
815 1497 900 1564 quae
920 1478 1091 1546 inDeum
1111 1495 1161 1538 re·

47 1551 184 1652 vbrsura
205 1557 313 1631 sunu¹
338 1558 525 1635 conlineri.
563 1559 702 1648 ipsoque
724 1561 783 1648 qui
805 1559 918 1626 omnia
938 1557 1059 1633 ambit}
1095 1573 1161 1620 am·

46 1635 135 1704 bin:
165 1653 200 1704 et
230 1655 320 1704 extra
377 1663 454 1707 uem
475 1643 562 1708 nihil
611 1646 692 1710 otest
712 1647 766 1712 vel
789 1665 829 1709 co
856 1642 949 1718 'tari,
977 1641 1034 1708 vel
1056 1638 1164 1714 credi·

47 1722 107 1784 vel
135 1720 308 1808 intelligi:
345 1663 542 1792 siraesertim
574 1669 655 1792 <ium
676 1727 825 1794 inconcu
853 1750 869 1790 e
893 1723 1163 1811 intelligo'tene·

48 1807 128 1869 brat
148 1804 185 1868 in
207 1805 286 1870 luce
308 1807 496 1886 contineri,
518 1812 687 1876 silentium
708 1811 798 1876 intra
818 1809 985 1884 sonitum,
1007 1809 1162 1871 umbrant

47 1887 141 1983 intra¹
163 1907 304 1982 corpur,
342 1907 518 1979 ceteraque
539 1893 673 1972 similia,
710 1915 797 1980 quae
819 1894 931 1958 causae
954 1893 1027 1956 suaa
1048 1889 1085 1954 in
1107 1889 1161 1953 hia

46 1973 175 2118 ‹pt'arlm
204 1985 223 2034 e
254 1973 423 2036 contrario
451 1977 677 2060 respondent,
706 1975 925 2040 constituunt.
968 1975 1048 2038 Sive
1070 1970 1162 2036 enim
1256 2001 1261 2014 1

44 2075 65 2118 a

94 2051 200 2116 sentia
219 2072 332 2116 rerum
354 2055 439 2129 sant,
462 2057 527 2120 sive
550 2059 700 2122 desectua
723 2073 756 2122 et
772 2055 999 2145 privationes,
1021 2055 1087 2118 save
1103 2075 1161 2140 op·

74 2137 157 2200 ofita
179 2147 281 2220 atque
301 2137 484 2214 contraria,
508 2141 632 2226 absque
653 2138 706 2202 hio
728 2162 870 2226 quorum
894 2135 1081 2210 absentiae,
1107 2139 1164 2222 deq·

45 2161 180 2292 iectura,
211 2215 418 2306 privationes
450 2237 483 2284 et
511 2221 756 2308 oppositiones,
787 2221 1038 2287 contrarietates
1057 2220 1159 2293 sunt,

44 2302 148 2368 nullo
169 2303 273 2366 modo
296 2302 358 2365 esse
379 2301 527 2390 intelligi
545 2305 690 2390 pellunt.
737 2305 807 2369 Essa
828 2321 940 2368 autern
964 2301 1043 2368 dico
1060 2321 1160 2366 eara-

46 2385 147 2450 ti'one
176 2403 242 2470 qua
270 2383 342 2450 iton
374 2385 480 2451 solum
507 2387 729 2452 substantialia
760 2404 794 2452 et
824 2385 1008 2462 naturalia,
1042 2392 1165 2452 verunt·

46 2468 152 2534 etiam
192 2487 278 2556 quae
308 2465 355 2532 eia
387 2491 427 2535 ex
458 2472 591 2534 adversa
621 2487 716 2568 parte
742 2472 972 2558 respondent,
1022 2469 1084 2532 else
1113 2466 1161 2531 ‹ti-

47 2558 203 2648 cuntur..
225 2539 386 2615 Nullum'
406 2572 553 2650 namque
575 2553 697 2616 vitrum
720 2555 783 2628 eil,
814 2555 906 2640 quod
927 2572 998 2616 non
1020 2571 1060 2614 ex
1079 2551 1162 2636 post·

50 2635 148 2700 tione
169 2633 308 2696 vrrtntia'
328 2633 384 2698 cui
406 2657 445 2698 ex
470 2637 632 2700 diametro
654 2637 794 2699 resiliere
816 2651 974 2708 conatur,
1009 2631 1161 2697 contine·

48 2737 118 2781 tur.
160 2717 208 2779 M.
240 2719 363 2781 Laetor
389 2719 486 2780 valde
514 2721 650 2804 quando
679 2719 762 2782 retia
795 2741 880 2804 qnae
903 2733 940 2784 tu
962 2715 1162 2862 ipgeffip
1232 2751 1243 2760 -

51 2797 126 2867 disti
155 2814 234 2864 tuae
264 2800 561 2886 contemplationis
592 2801 720 2864 viribus
742 2801 890 2872 illaesae,
928 2821 976 2866 nu

52 2903 121 2972 que
144 2885 300 2948 detentna
323 2882 464 2959 evasisti-5
489 2899 522 2946 et
544 2887 610 2964 jam
630 2883 666 2947 ni
691 2885 786 2946 sallor
805 2881 989 2968 intelligia,
1017 2901 1086 2944 non
1111 2882 1161 2944 so-

49 2972 123 3033 lum
154 2985 257 3030 omne
289 2969 443 3066 guod-ab
464 2987 535 3030 uno
557 2969 630 3029 Deo
653 2983 801 3029 creatum
824 2966 884 3038 est,
919 2961 1160 3028 verumetiam

51 3066 155 3116 omne
175 3051 268 3135 quod
288 3049 528 3113 irrationabilia
549 3066 661 3114 motua
682 3047 890 3112 rationabilia
907 3046 1160 3110 etintellectua·
1275 3083 1280 3090 =

52 3135 93 3200 lia
116 3149 287 3198 creaturae
308 3131 616 3218 supermachinatus
638 3131 698 3210 est,
725 3147 758 3195 et
779 3137 873 3196 nunc
895 3129 983 3194 intra
1006 3128 1160 3194 ordinem
1259 3207 1262 3220 ι

52 3217 190 3284 divinae
217 3197 452 3304 providentiae
482 3214 667 3293 contineri,
702 3229 736 3278 et
764 3231 846 3280 tunc
898 3212 944 3276 ost
965 3211 1161 3276 universalia

50 3316 222 3366 creaturae
242 3297 374 3364 insuar
396 3300 506 3364 causae
528 3297 685 3372 reditum,
711 3298 815 3384 inque
837 3238 945 3386 ipium
967 3299 1088 3392 Qum,
1110 3315 1161 3358 or·

54 3385 241 3450 elinandum
261 3381 351 3458 sore,
385 3385 520 3468 quando
543 3381 647 3448 totiua
668 3379 890 3444 nniverfitatia
911 3382 1069 3444 conditae
1116 3379 1160 3440 la·

52 3465 182 3532 niffima
214 3463 408 3552 perficietur
436 3463 641 3552 pulcritudo.
697 3459 816 3550 Neque
845 3467 910 3528 lroc
933 3461 1056 3527 mirum
1103 3483 1161 3524 um

53 3551 147 3616 nulla
174 3562 293 3614 natura
321 3547 419 3612 aliam
449 3563 602 3612 naturam
624 3547 764 3634 punire,
793 3547 926 3612 nullom
950 3543 1075 3609 vitium
1095 3542 1161 3608 vir·

53 3645 161 3698 tutem
193 3653 258 3719 qna
289 3630 485 3696 continetur
513 3630 611 3717 possit
644 3651 875 3716 corrumpere;
906 3645 941 3692 et
960 3648 1031 3692 non
1054 3629 1163 3693 solnm

51 3723 140 3791 boc,
167 3715 222 3790 sed
253 3735 292 3778 ex
325 3713 376 3779 hia
404 3713 562 3780 omnibua
589 3713 678 3778 intra
704 3713 836 3778 divinas
862 3715 953 3798 leger
986 3710 1163 3776 ordinatur

54 3797 211 3866 omnium
231 3797 411 3886 plenitudo
431 3813 645 3872 naturarum,
675 3811 709 3860 et
731 3795 914 3862 sormofitaa
937 3794 1161 3882 complebitur
1235 3801 1238 3808 '

51 3882 207 3950 omnium
236 3881 417 3949 visibilium
445 3895 480 3945 et
510 3879 750 3956 invifibilium‚
781 3879 928 3961 consona
950 3881 1074 3966 abaque
1092 3877 1161 3940 ulla

54 3967 243 4033 dissonante
263 3963 438 4032 harmonia
458 3963 697 4047 modulabitur.
738 3968 781 4028 D.
802 3963 882 4028 Non
904 3961 1046 4038 snseri03
1078 3979 1159 4024 nam

52 4045 139 4116 retia
168 4069 256 4136 quae
283 4047 432 4122 tetendi,
461 4049 544 4124 ‚huc
574 4047 618 4111 est
644 4050 848 4144 problemata
878 4067 963 4144 quae
989 4040 1159 4130 proposui,
1227 4057 1231 4066 ·

48 4146 233 4222 propterea
254 4151 348 4198 a—me
368 4130 459 4197 tensa
480 4121 574 4207 suut,
595 4151 640 4195 ne
663 4131 790 4195 diutius
807 4153 847 4216 ‚tn
870 4153 917 4194 eta
930 4129 1089 4224 caperer,'
1104 4124 1161 4188 sed

50 4221 98 4286 ab
116 4215 173 4282 'eit
193 4215 362 4282 absolutor
381 4215 489 4282 libero
511 4213 635 4283 mentia
655 4213 815 4280 contuitu
835 4213 922 4279 clare
939 4211 1159 4320 perspicerem

1171 4443 1190 4478 s
