<?xml version="1.0" encoding="UTF-8"?>
<!DOCTYPE html PUBLIC "-//W3C//DTD XHTML 1.0 Transitional//EN"
    "http://www.w3.org/TR/xhtml1/DTD/xhtml1-transitional.dtd">
<html xmlns="http://www.w3.org/1999/xhtml" xml:lang="en" lang="en">
 <head>
  <title>
</title>
<meta http-equiv="Content-Type" content="text/html;charset=utf-8" />
  <meta name='ocr-system' content='tesseract 3.04.00' />
  <meta name='ocr-capabilities' content='ocr_page ocr_carea ocr_par ocr_line ocrx_word'/>
</head>
<body>
  <div class='ocr_page' id='page_1' title='image "./dedivisionenatu00eriggoog_0502.png"; bbox 0 0 2970 4826; ppageno 0'>
   <div class='ocr_carea' id='block_1_1' title="bbox 382 217 1156 367">
    <p class='ocr_par' dir='ltr' id='par_1_1' title="bbox 382 217 1156 367">
     <span class='ocr_line' id='line_1_1' title="bbox 382 217 1156 367; baseline 0.004 -27"><span class='ocrx_word' id='word_1_1' title='bbox 382 247 387 254; x_wconf 52' lang='grc'><strong>’</strong></span> <span class='ocrx_word' id='word_1_2' title='bbox 460 217 567 341; x_wconf 74' lang='lat' dir='ltr'>laon</span> <span class='ocrx_word' id='word_1_3' title='bbox 589 269 749 353; x_wconf 67' lang='lat' dir='ltr'>Quum</span> <span class='ocrx_word' id='word_1_4' title='bbox 865 357 868 367; x_wconf 29' lang='grc'>1</span> <span class='ocrx_word' id='word_1_5' title='bbox 1077 269 1156 343; x_wconf 74' lang='grc'>466</span> 
     </span>
    </p>
   </div>
   <div class='ocr_carea' id='block_1_2' title="bbox 44 453 1264 3872">
    <p class='ocr_par' dir='ltr' id='par_1_2' title="bbox 44 453 1264 3872">
     <span class='ocr_line' id='line_1_2' title="bbox 44 453 1161 544; baseline 0.001 -23"><span class='ocrx_word' id='word_1_6' title='bbox 44 459 79 521; x_wconf 86' lang='grc' dir='ltr'>Β.</span> <span class='ocrx_word' id='word_1_7' title='bbox 104 453 305 537; x_wconf 79' lang='lat' dir='ltr'>Dionysium</span> <span class='ocrx_word' id='word_1_8' title='bbox 326 453 562 542; x_wconf 75' lang='lat' dir='ltr'>Areopagitam</span> <span class='ocrx_word' id='word_1_9' title='bbox 588 454 626 520; x_wconf 88' lang='lat' dir='ltr'>in</span> <span class='ocrx_word' id='word_1_10' title='bbox 648 454 761 544; x_wconf 84' lang='lat' dir='ltr'>primo</span> <span class='ocrx_word' id='word_1_11' title='bbox 781 453 931 542; x_wconf 88' lang='lat' dir='ltr'>capitulo</span> <span class='ocrx_word' id='word_1_12' title='bbox 954 455 995 520; x_wconf 90' lang='lat' dir='ltr'>de</span> <span class='ocrx_word' id='word_1_13' title='bbox 1016 453 1161 522; x_wconf 83' lang='lat' dir='ltr'>Divinie</span> 
     </span>
     <span class='ocr_line' id='line_1_3' title="bbox 44 536 1154 625; baseline 0.001 -20"><span class='ocrx_word' id='word_1_14' title='bbox 44 537 263 612; x_wconf 68' lang='lat' dir='ltr'>‚sominibuu</span> <span class='ocrx_word' id='word_1_15' title='bbox 301 536 499 614; x_wconf 82' lang='lat' dir='ltr'>„Diximna,</span> <span class='ocrx_word' id='word_1_16' title='bbox 522 541 651 625; x_wconf 78' lang='lat' dir='ltr'>inquit,</span> <span class='ocrx_word' id='word_1_17' title='bbox 673 560 751 605; x_wconf 91' lang='lat' dir='ltr'>cum</span> <span class='ocrx_word' id='word_1_18' title='bbox 772 539 904 604; x_wconf 87' lang='lat' dir='ltr'>Theolo</span> <span class='ocrx_word' id='word_1_19' title='bbox 931 536 999 604; x_wconf 82' lang='lat' dir='ltr'>‘coa</span> <span class='ocrx_word' id='word_1_20' title='bbox 1021 542 1154 606; x_wconf 88' lang='lat' dir='ltr'>charac-</span> 
     </span>
     <span class='ocr_line' id='line_1_4' title="bbox 44 619 1154 709; baseline 0.002 -21"><span class='ocrx_word' id='word_1_21' title='bbox 44 641 128 688; x_wconf 84' lang='lat' dir='ltr'>tereo</span> <span class='ocrx_word' id='word_1_22' title='bbox 151 619 383 708; x_wconf 74' lang='lat' dir='ltr'>exposuimus,</span> <span class='ocrx_word' id='word_1_23' title='bbox 405 643 513 686; x_wconf 89' lang='lat' dir='ltr'>unum</span> <span class='ocrx_word' id='word_1_24' title='bbox 533 621 765 709; x_wconf 84' lang='lat' dir='ltr'>incognitum,</span> <span class='ocrx_word' id='word_1_25' title='bbox 787 621 904 708; x_wconf 86' lang='lat' dir='ltr'>supere</span> <span class='ocrx_word' id='word_1_26' title='bbox 930 621 1072 698; x_wconf 88' lang='lat' dir='ltr'>entiale,</span> <span class='ocrx_word' id='word_1_27' title='bbox 1093 644 1154 709; x_wconf 86' lang='lat' dir='ltr'>per</span> 
     </span>
     <span class='ocr_line' id='line_1_5' title="bbox 44 703 1151 792; baseline 0.002 -22"><span class='ocrx_word' id='word_1_28' title='bbox 44 707 81 772; x_wconf 76' lang='lat' dir='ltr'>se&#39;</span> <span class='ocrx_word' id='word_1_29' title='bbox 101 703 294 792; x_wconf 85' lang='lat' dir='ltr'>optimum,</span> <span class='ocrx_word' id='word_1_30' title='bbox 331 705 424 792; x_wconf 87' lang='lat' dir='ltr'>quod</span> <span class='ocrx_word' id='word_1_31' title='bbox 453 705 590 792; x_wconf 85' lang='lat' dir='ltr'>quidem</span> <span class='ocrx_word' id='word_1_32' title='bbox 623 705 684 780; x_wconf 77' lang='lat' dir='ltr'>esi3</span> <span class='ocrx_word' id='word_1_33' title='bbox 715 703 838 770; x_wconf 79' lang='lat' dir='ltr'>trinam</span> <span class='ocrx_word' id='word_1_34' title='bbox 866 704 1032 770; x_wconf 88' lang='lat' dir='ltr'>unitatem</span> <span class='ocrx_word' id='word_1_35' title='bbox 1063 705 1151 782; x_wconf 90' lang='lat' dir='ltr'>dico,</span> 
     </span>
     <span class='ocr_line' id='line_1_6' title="bbox 44 783 1167 881; baseline 0 -25"><span class='ocrx_word' id='word_1_36' title='bbox 44 785 186 881; x_wconf 76' lang='lat' dir='ltr'>ipo&#39;9mv</span> <span class='ocrx_word' id='word_1_37' title='bbox 221 803 256 853; x_wconf 85' lang='lat' dir='ltr'>et</span> <span class='ocrx_word' id='word_1_38' title='bbox 285 783 503 880; x_wconf 70' lang='grc' dir='ltr'><em>ὁμοᾶγαθον,</em></span> <span class='ocrx_word' id='word_1_39' title='bbox 536 809 646 876; x_wconf 89' lang='lat' dir='ltr'>neque</span> <span class='ocrx_word' id='word_1_40' title='bbox 677 785 788 853; x_wconf 85' lang='lat' dir='ltr'><strong>dicere</strong></span> <span class='ocrx_word' id='word_1_41' title='bbox 817 809 929 876; x_wconf 90' lang='lat' dir='ltr'>neque</span> <span class='ocrx_word' id='word_1_42' title='bbox 963 787 1167 877; x_wconf 81' lang='lat' dir='ltr'>intelligere,</span> 
     </span>
     <span class='ocr_line' id='line_1_7' title="bbox 44 870 1221 962; baseline 0.001 -25"><span class='ocrx_word' id='word_1_43' title='bbox 44 871 194 962; x_wconf 88' lang='lat' dir='ltr'>possibile</span> <span class='ocrx_word' id='word_1_44' title='bbox 224 871 286 936; x_wconf 75' lang='lat' dir='ltr'>esst</span> <span class='ocrx_word' id='word_1_45' title='bbox 323 873 379 936; x_wconf 90' lang='lat' dir='ltr'>sed</span> <span class='ocrx_word' id='word_1_46' title='bbox 400 887 434 936; x_wconf 91' lang='lat' dir='ltr'>et</span> <span class='ocrx_word' id='word_1_47' title='bbox 455 871 641 938; x_wconf 90' lang='lat' dir='ltr'>sanctarum</span> <span class='ocrx_word' id='word_1_48' title='bbox 663 870 1023 958; x_wconf 75' lang='lat' dir='ltr'>virtutumangelicae</span> <span class='ocrx_word' id='word_1_49' title='bbox 1043 873 1154 939; x_wconf 87' lang='lat' dir='ltr'>unita·</span> <span class='ocrx_word' id='word_1_50' title='bbox 1217 903 1221 910; x_wconf 51' lang='lat'><strong>⁴</strong></span> 
     </span>
     <span class='ocr_line' id='line_1_8' title="bbox 44 952 1152 1052; baseline 0.003 -33"><span class='ocrx_word' id='word_1_51' title='bbox 44 979 87 1022; x_wconf 79' lang='lat' dir='ltr'>:er</span> <span class='ocrx_word' id='word_1_52' title='bbox 110 977 193 1042; x_wconf 84' lang='lat' dir='ltr'>quae</span> <span class='ocrx_word' id='word_1_53' title='bbox 214 955 281 1019; x_wconf 83' lang='lat' dir='ltr'>sive</span> <span class='ocrx_word' id='word_1_54' title='bbox 303 954 543 1042; x_wconf 79' lang='lat' dir='ltr'>speculativae,</span> <span class='ocrx_word' id='word_1_55' title='bbox 574 956 639 1019; x_wconf 84' lang='lat' dir='ltr'>sire</span> <span class='ocrx_word' id='word_1_56' title='bbox 661 952 850 1052; x_wconf 78' lang='lat' dir='ltr'><strong>acceptivas</strong></span> <span class='ocrx_word' id='word_1_57' title='bbox 863 971 1009 1041; x_wconf 87' lang='lat' dir='ltr'>oportet</span> <span class='ocrx_word' id='word_1_58' title='bbox 1029 955 1152 1034; x_wconf 84' lang='lat' dir='ltr'>dicere,</span> 
     </span>
     <span class='ocr_line' id='line_1_9' title="bbox 44 1036 1153 1136; baseline 0.002 -32"><span class='ocrx_word' id='word_1_59' title='bbox 44 1036 335 1136; x_wconf 68' lang='lat' dir='ltr'>superincognitae</span> <span class='ocrx_word' id='word_1_60' title='bbox 357 1054 391 1102; x_wconf 90' lang='lat' dir='ltr'>et</span> <span class='ocrx_word' id='word_1_61' title='bbox 413 1036 654 1126; x_wconf 85' lang='lat' dir='ltr'>superlucentia</span> <span class='ocrx_word' id='word_1_62' title='bbox 671 1037 854 1113; x_wconf 74' lang='lat' dir='ltr'>bonitatis,</span> <span class='ocrx_word' id='word_1_63' title='bbox 877 1054 912 1102; x_wconf 91' lang='lat' dir='ltr'>et</span> <span class='ocrx_word' id='word_1_64' title='bbox 924 1061 1063 1104; x_wconf 85' lang='lat' dir='ltr'>arcanae</span> <span class='ocrx_word' id='word_1_65' title='bbox 1074 1041 1153 1106; x_wconf 92' lang='lat' dir='ltr'>sunt</span> 
     </span>
     <span class='ocr_line' id='line_1_10' title="bbox 44 1119 1153 1219; baseline 0.001 -31"><span class='ocrx_word' id='word_1_66' title='bbox 44 1137 70 1188; x_wconf 80' lang='lat' dir='ltr'>et</span> <span class='ocrx_word' id='word_1_67' title='bbox 92 1121 309 1208; x_wconf 60' lang='lat' dir='ltr'>incognitam</span> <span class='ocrx_word' id='word_1_68' title='bbox 331 1135 365 1184; x_wconf 89' lang='lat' dir='ltr'>et</span> <span class='ocrx_word' id='word_1_69' title='bbox 386 1120 463 1186; x_wconf 84' lang='lat' dir='ltr'>solia</span> <span class='ocrx_word' id='word_1_70' title='bbox 484 1120 560 1219; x_wconf 76' lang='lat' dir='ltr'>ipsiu</span> <span class='ocrx_word' id='word_1_71' title='bbox 579 1121 770 1195; x_wconf 78' lang='lat' dir='ltr'>subsistunt,</span> <span class='ocrx_word' id='word_1_72' title='bbox 816 1121 853 1184; x_wconf 92' lang='lat' dir='ltr'>ui</span> <span class='ocrx_word' id='word_1_73' title='bbox 868 1119 1153 1210; x_wconf 86' lang='lat' dir='ltr'>superscientiam</span> 
     </span>
     <span class='ocr_line' id='line_1_11' title="bbox 44 1141 1193 1307; baseline 0.003 -37"><span class='ocrx_word' id='word_1_74' title='bbox 44 1205 224 1304; x_wconf 77' lang='lat' dir='ltr'>angelicam</span> <span class='ocrx_word' id='word_1_75' title='bbox 249 1203 433 1290; x_wconf 81' lang='lat' dir='ltr'>dignantur</span> <span class='ocrx_word' id='word_1_76' title='bbox 453 1203 519 1269; x_wconf 78' lang='lat' dir='ltr'>illo</span> <span class='ocrx_word' id='word_1_77' title='bbox 542 1203 680 1292; x_wconf 79' lang='lat' dir='ltr'>angelis.</span> <span class='ocrx_word' id='word_1_78' title='bbox 712 1203 774 1268; x_wconf 82' lang='lat' dir='ltr'>Hir</span> <span class='ocrx_word' id='word_1_79' title='bbox 794 1141 977 1271; x_wconf 71' lang='lat' dir='ltr'>deiformes</span> <span class='ocrx_word' id='word_1_80' title='bbox 1000 1205 1153 1307; x_wconf 75' lang='lat' dir='ltr'>angelica</span> <span class='ocrx_word' id='word_1_81' title='bbox 1189 1255 1193 1266; x_wconf 85' lang='lat'><strong>.</strong></span> 
     </span>
     <span class='ocr_line' id='line_1_12' title="bbox 44 1285 1152 1376; baseline 0.003 -24"><span class='ocrx_word' id='word_1_82' title='bbox 44 1303 171 1352; x_wconf 77' lang='lat' dir='ltr'>unitate</span> <span class='ocrx_word' id='word_1_83' title='bbox 194 1302 359 1374; x_wconf 86' lang='lat' dir='ltr'>quantum</span> <span class='ocrx_word' id='word_1_84' title='bbox 380 1286 461 1352; x_wconf 89' lang='lat' dir='ltr'>licet</span> <span class='ocrx_word' id='word_1_85' title='bbox 482 1285 663 1352; x_wconf 87' lang='lat' dir='ltr'>coadunati</span> <span class='ocrx_word' id='word_1_86' title='bbox 684 1286 825 1364; x_wconf 82' lang='lat' dir='ltr'>humani</span> <span class='ocrx_word' id='word_1_87' title='bbox 847 1287 970 1364; x_wconf 89' lang='lat' dir='ltr'>animi,</span> <span class='ocrx_word' id='word_1_88' title='bbox 1004 1312 1083 1376; x_wconf 77' lang='lat' dir='ltr'>quia</span> <span class='ocrx_word' id='word_1_89' title='bbox 1105 1291 1152 1356; x_wconf 90' lang='lat' dir='ltr'>se-</span> 
     </span>
     <span class='ocr_line' id='line_1_13' title="bbox 44 1369 1153 1458; baseline 0.002 -22"><span class='ocrx_word' id='word_1_90' title='bbox 44 1375 191 1436; x_wconf 87' lang='lat' dir='ltr'>:undum</span> <span class='ocrx_word' id='word_1_91' title='bbox 213 1391 349 1436; x_wconf 89' lang='lat' dir='ltr'>omnem</span> <span class='ocrx_word' id='word_1_92' title='bbox 372 1369 635 1436; x_wconf 81' lang='lat' dir='ltr'>intellectualem</span> <span class='ocrx_word' id='word_1_93' title='bbox 660 1370 891 1458; x_wconf 84' lang='lat' dir='ltr'>operationem</span> <span class='ocrx_word' id='word_1_94' title='bbox 920 1372 1153 1458; x_wconf 66' lang='lat' dir='ltr'>requiescunta</span> 
     </span>
     <span class='ocr_line' id='line_1_14' title="bbox 44 1452 1151 1523; baseline 0.003 -6"><span class='ocrx_word' id='word_1_95' title='bbox 44 1454 113 1518; x_wconf 83' lang='lat' dir='ltr'>:alia</span> <span class='ocrx_word' id='word_1_96' title='bbox 135 1469 247 1518; x_wconf 88' lang='lat' dir='ltr'>autem</span> <span class='ocrx_word' id='word_1_97' title='bbox 270 1453 309 1517; x_wconf 88' lang='lat' dir='ltr'>fit</span> <span class='ocrx_word' id='word_1_98' title='bbox 331 1453 563 1519; x_wconf 87' lang='lat' dir='ltr'>deificatorum</span> <span class='ocrx_word' id='word_1_99' title='bbox 584 1452 775 1518; x_wconf 85' lang='lat' dir='ltr'>animorum</span> <span class='ocrx_word' id='word_1_100' title='bbox 793 1456 835 1519; x_wconf 91' lang='lat' dir='ltr'>ad</span> <span class='ocrx_word' id='word_1_101' title='bbox 853 1455 1019 1520; x_wconf 87' lang='lat' dir='ltr'>summum</span> <span class='ocrx_word' id='word_1_102' title='bbox 1034 1455 1151 1523; x_wconf 86' lang='lat' dir='ltr'>lumen</span> 
     </span>
     <span class='ocr_line' id='line_1_15' title="bbox 44 1535 1154 1624; baseline 0.002 -22"><span class='ocrx_word' id='word_1_103' title='bbox 44 1542 149 1602; x_wconf 79' lang='lat' dir='ltr'>Deum</span> <span class='ocrx_word' id='word_1_104' title='bbox 179 1535 357 1613; x_wconf 71' lang='lat' dir='ltr'>uidelicet,</span> <span class='ocrx_word' id='word_1_105' title='bbox 388 1535 492 1602; x_wconf 81' lang='lat' dir='ltr'>unio:</span> <span class='ocrx_word' id='word_1_106' title='bbox 524 1539 665 1602; x_wconf 89' lang='lat' dir='ltr'>laudant</span> <span class='ocrx_word' id='word_1_107' title='bbox 685 1535 796 1623; x_wconf 91' lang='lat' dir='ltr'>ipsum</span> <span class='ocrx_word' id='word_1_108' title='bbox 815 1537 979 1623; x_wconf 76' lang='lat' dir='ltr'>potissime</span> <span class='ocrx_word' id='word_1_109' title='bbox 1000 1561 1061 1624; x_wconf 86' lang='lat' dir='ltr'>per</span> <span class='ocrx_word' id='word_1_110' title='bbox 1082 1559 1154 1604; x_wconf 91' lang='lat' dir='ltr'>orn·</span> 
     </span>
     <span class='ocr_line' id='line_1_16' title="bbox 44 1607 1152 1710; baseline 0.004 -26"><span class='ocrx_word' id='word_1_111' title='bbox 44 1620 136 1685; x_wconf 79' lang='lat' dir='ltr'>rium</span> <span class='ocrx_word' id='word_1_112' title='bbox 161 1620 346 1706; x_wconf 82' lang='lat' dir='ltr'>quaesunt</span> <span class='ocrx_word' id='word_1_113' title='bbox 368 1620 582 1686; x_wconf 86' lang='lat' dir='ltr'>ablationem.</span> <span class='ocrx_word' id='word_1_114' title='bbox 624 1607 664 1684; x_wconf 84' lang='lat' dir='ltr'>ln</span> <span class='ocrx_word' id='word_1_115' title='bbox 686 1623 753 1685; x_wconf 91' lang='lat' dir='ltr'>hoc</span> <span class='ocrx_word' id='word_1_116' title='bbox 773 1641 852 1684; x_wconf 91' lang='lat' dir='ltr'>vere</span> <span class='ocrx_word' id='word_1_117' title='bbox 865 1622 1152 1710; x_wconf 77' lang='lat' dir='ltr'>etsnpernatura-</span> 
     </span>
     <span class='ocr_line' id='line_1_17' title="bbox 48 1701 1153 1794; baseline 0.005 -28"><span class='ocrx_word' id='word_1_118' title='bbox 48 1703 115 1766; x_wconf 90' lang='lat' dir='ltr'>iter</span> <span class='ocrx_word' id='word_1_119' title='bbox 135 1701 318 1768; x_wconf 87' lang='lat' dir='ltr'>illuminati</span> <span class='ocrx_word' id='word_1_120' title='bbox 341 1724 380 1767; x_wconf 82' lang='lat' dir='ltr'>ex</span> <span class='ocrx_word' id='word_1_121' title='bbox 404 1703 585 1770; x_wconf 84' lang='lat' dir='ltr'>beatissima</span> <span class='ocrx_word' id='word_1_122' title='bbox 610 1725 688 1768; x_wconf 87' lang='lat' dir='ltr'>curn</span> <span class='ocrx_word' id='word_1_123' title='bbox 710 1701 782 1792; x_wconf 90' lang='lat' dir='ltr'>ipso</span> <span class='ocrx_word' id='word_1_124' title='bbox 804 1703 954 1781; x_wconf 89' lang='lat' dir='ltr'>unitate,</span> <span class='ocrx_word' id='word_1_125' title='bbox 977 1727 1062 1794; x_wconf 89' lang='lat' dir='ltr'>quae</span> <span class='ocrx_word' id='word_1_126' title='bbox 1081 1727 1153 1772; x_wconf 88' lang='lat' dir='ltr'>om-</span> 
     </span>
     <span class='ocr_line' id='line_1_18' title="bbox 44 1784 1150 1934; baseline 0.004 -84"><span class='ocrx_word' id='word_1_127' title='bbox 44 1786 135 1850; x_wconf 80' lang='lat' dir='ltr'>nium</span> <span class='ocrx_word' id='word_1_128' title='bbox 165 1784 302 1884; x_wconf 78' lang='lat' dir='ltr'>quidem</span> <span class='ocrx_word' id='word_1_129' title='bbox 324 1786 368 1866; x_wconf 75' lang='lat' dir='ltr'>esi</span> <span class='ocrx_word' id='word_1_130' title='bbox 385 1809 474 1934; x_wconf 68' lang='lat' dir='ltr'>puae</span> <span class='ocrx_word' id='word_1_131' title='bbox 496 1787 574 1853; x_wconf 90' lang='lat' dir='ltr'>sunt</span> <span class='ocrx_word' id='word_1_132' title='bbox 595 1788 741 1862; x_wconf 86' lang='lat' dir='ltr'>causale,</span> <span class='ocrx_word' id='word_1_133' title='bbox 778 1786 887 1874; x_wconf 90' lang='lat' dir='ltr'>ipsum</span> <span class='ocrx_word' id='word_1_134' title='bbox 909 1803 1022 1853; x_wconf 89' lang='lat' dir='ltr'>autem</span> <span class='ocrx_word' id='word_1_135' title='bbox 1043 1787 1150 1868; x_wconf 88' lang='lat' dir='ltr'>Nihil,</span> 
     </span>
     <span class='ocr_line' id='line_1_19' title="bbox 44 1869 1153 1956; baseline 0.004 -22"><span class='ocrx_word' id='word_1_136' title='bbox 44 1885 75 1934; x_wconf 82' lang='lat' dir='ltr'>at</span> <span class='ocrx_word' id='word_1_137' title='bbox 98 1871 257 1935; x_wconf 73' lang='lat' dir='ltr'>omnibus</span> <span class='ocrx_word' id='word_1_138' title='bbox 279 1891 364 1956; x_wconf 90' lang='lat' dir='ltr'>quae</span> <span class='ocrx_word' id='word_1_139' title='bbox 400 1885 464 1936; x_wconf 86' lang='lat' dir='ltr'>unt</span> <span class='ocrx_word' id='word_1_140' title='bbox 483 1869 796 1956; x_wconf 85' lang='lat' dir='ltr'>superessentialiter</span> <span class='ocrx_word' id='word_1_141' title='bbox 818 1873 1034 1937; x_wconf 87' lang='lat' dir='ltr'>exaltatum.”</span> <span class='ocrx_word' id='word_1_142' title='bbox 1072 1873 1153 1940; x_wconf 80' lang='lat' dir='ltr'>Ani·</span> 
     </span>
     <span class='ocr_line' id='line_1_20' title="bbox 44 1953 1153 2040; baseline 0.004 -23"><span class='ocrx_word' id='word_1_143' title='bbox 44 1955 210 2018; x_wconf 85' lang='lat' dir='ltr'>uadrerte</span> <span class='ocrx_word' id='word_1_144' title='bbox 251 1954 439 2039; x_wconf 85' lang='lat' dir='ltr'>praefatum</span> <span class='ocrx_word' id='word_1_145' title='bbox 474 1954 589 2017; x_wconf 90' lang='lat' dir='ltr'>theolo</span> <span class='ocrx_word' id='word_1_146' title='bbox 637 1975 671 2018; x_wconf 83' lang='lat' dir='ltr'>nr</span> <span class='ocrx_word' id='word_1_147' title='bbox 706 1955 877 2040; x_wconf 85' lang='lat' dir='ltr'>quomodo</span> <span class='ocrx_word' id='word_1_148' title='bbox 912 1953 1153 2021; x_wconf 81' lang='lat' dir='ltr'>incunctanter</span> 
     </span>
     <span class='ocr_line' id='line_1_21' title="bbox 44 2033 1153 2121; baseline 0.003 -21"><span class='ocrx_word' id='word_1_149' title='bbox 44 2038 206 2100; x_wconf 71' lang='lat' dir='ltr'>Tummum</span> <span class='ocrx_word' id='word_1_150' title='bbox 227 2037 361 2109; x_wconf 89' lang='lat' dir='ltr'>lumen,</span> <span class='ocrx_word' id='word_1_151' title='bbox 384 2039 495 2102; x_wconf 89' lang='lat' dir='ltr'>Deum</span> <span class='ocrx_word' id='word_1_152' title='bbox 516 2033 594 2098; x_wconf 82' lang='lat' dir='ltr'>ride</span> <span class='ocrx_word' id='word_1_153' title='bbox 609 2035 693 2110; x_wconf 87' lang='lat' dir='ltr'>icet,</span> <span class='ocrx_word' id='word_1_154' title='bbox 713 2035 772 2121; x_wconf 91' lang='lat' dir='ltr'>qui</span> <span class='ocrx_word' id='word_1_155' title='bbox 791 2033 927 2100; x_wconf 82' lang='lat' dir='ltr'>omnein</span> <span class='ocrx_word' id='word_1_156' title='bbox 941 2037 1153 2104; x_wconf 86' lang='lat' dir='ltr'>intellectua-</span> 
     </span>
     <span class='ocr_line' id='line_1_22' title="bbox 44 2113 1152 2206; baseline 0.003 -24"><span class='ocrx_word' id='word_1_157' title='bbox 44 2125 105 2184; x_wconf 89' lang='lat' dir='ltr'>lem</span> <span class='ocrx_word' id='word_1_158' title='bbox 127 2135 163 2184; x_wconf 93' lang='lat' dir='ltr'>et</span> <span class='ocrx_word' id='word_1_159' title='bbox 182 2117 381 2190; x_wconf 75' lang='lat' dir='ltr'>rationalem</span> <span class='ocrx_word' id='word_1_160' title='bbox 402 2113 574 2182; x_wconf 89' lang='lat' dir='ltr'>illuminat</span> <span class='ocrx_word' id='word_1_161' title='bbox 594 2132 778 2182; x_wconf 88' lang='lat' dir='ltr'>creaturam</span> <span class='ocrx_word' id='word_1_162' title='bbox 801 2117 960 2194; x_wconf 89' lang='lat' dir='ltr'>nomine,</span> <span class='ocrx_word' id='word_1_163' title='bbox 992 2123 1084 2206; x_wconf 88' lang='lat' dir='ltr'>quod</span> <span class='ocrx_word' id='word_1_164' title='bbox 1107 2121 1152 2185; x_wconf 76' lang='lat' dir='ltr'>eli</span> 
     </span>
     <span class='ocr_line' id='line_1_23' title="bbox 44 2198 1227 2280; baseline 0.001 -13"><span class='ocrx_word' id='word_1_165' title='bbox 44 2204 137 2276; x_wconf 71' lang='lat' dir='ltr'>rikis.</span> <span class='ocrx_word' id='word_1_166' title='bbox 161 2200 324 2266; x_wconf 75' lang='lat' dir='ltr'>&#39;infinuat</span> <span class='ocrx_word' id='word_1_167' title='bbox 367 2203 411 2265; x_wconf 89' lang='lat' dir='ltr'>Et</span> <span class='ocrx_word' id='word_1_168' title='bbox 441 2198 582 2279; x_wconf 86' lang='lat' dir='ltr'>subjecit</span> <span class='ocrx_word' id='word_1_169' title='bbox 608 2200 775 2266; x_wconf 86' lang='lat' dir='ltr'>rationem</span> <span class='ocrx_word' id='word_1_170' title='bbox 809 2221 870 2267; x_wconf 92' lang='lat' dir='ltr'>cur</span> <span class='ocrx_word' id='word_1_171' title='bbox 889 2201 978 2268; x_wconf 88' lang='lat' dir='ltr'>nihil</span> <span class='ocrx_word' id='word_1_172' title='bbox 998 2218 1150 2280; x_wconf 87' lang='lat' dir='ltr'>vocatur,</span> <span class='ocrx_word' id='word_1_173' title='bbox 1224 2233 1227 2238; x_wconf 43' lang='lat'>¹</span> 
     </span>
     <span class='ocr_line' id='line_1_24' title="bbox 44 2261 1187 2380; baseline 0.002 -30"><span class='ocrx_word' id='word_1_174' title='bbox 44 2291 116 2372; x_wconf 75' lang='lat' dir='ltr'>puio</span> <span class='ocrx_word' id='word_1_175' title='bbox 142 2283 244 2378; x_wconf 67' lang='lat' dir='ltr'>[repar</span> <span class='ocrx_word' id='word_1_176' title='bbox 272 2285 382 2350; x_wconf 84' lang='lat' dir='ltr'>omnia</span> <span class='ocrx_word' id='word_1_177' title='bbox 411 2305 494 2370; x_wconf 82' lang='lat' dir='ltr'>quoe</span> <span class='ocrx_word' id='word_1_178' title='bbox 512 2283 597 2373; x_wconf 69' lang='lat' dir='ltr'>furit</span> <span class='ocrx_word' id='word_1_179' title='bbox 616 2280 939 2378; x_wconf 60' lang='lat' dir='ltr'>superstentiusiter</span> <span class='ocrx_word' id='word_1_180' title='bbox 970 2287 1150 2352; x_wconf 76' lang='lat' dir='ltr'>exaltatur.</span> <span class='ocrx_word' id='word_1_181' title='bbox 1175 2261 1187 2380; x_wconf 72' lang='lat' dir='ltr'><strong><em>J</em></strong></span> 
     </span>
     <span class='ocr_line' id='line_1_25' title="bbox 44 2365 1152 2469; baseline 0 -33"><span class='ocrx_word' id='word_1_182' title='bbox 44 2371 229 2436; x_wconf 79' lang='lat' dir='ltr'>Commune</span> <span class='ocrx_word' id='word_1_183' title='bbox 249 2365 355 2469; x_wconf 75' lang='lat' dir='ltr'>igitur</span> <span class='ocrx_word' id='word_1_184' title='bbox 376 2365 529 2434; x_wconf 89' lang='lat' dir='ltr'>omnium</span> <span class='ocrx_word' id='word_1_185' title='bbox 551 2369 746 2456; x_wconf 81' lang='lat' dir='ltr'>quaefacta</span> <span class='ocrx_word' id='word_1_186' title='bbox 760 2370 856 2446; x_wconf 85' lang='lat' dir='ltr'>sunt,</span> <span class='ocrx_word' id='word_1_187' title='bbox 879 2367 988 2433; x_wconf 89' lang='lat' dir='ltr'>veluti</span> <span class='ocrx_word' id='word_1_188' title='bbox 1003 2373 1152 2457; x_wconf 87' lang='lat' dir='ltr'>quodam</span> 
     </span>
     <span class='ocr_line' id='line_1_26' title="bbox 44 2450 1151 2540; baseline 0.002 -22"><span class='ocrx_word' id='word_1_189' title='bbox 44 2452 179 2518; x_wconf 85' lang='lat' dir='ltr'>interitu</span> <span class='ocrx_word' id='word_1_190' title='bbox 207 2455 317 2518; x_wconf 78' lang='lat' dir='ltr'>redire</span> <span class='ocrx_word' id='word_1_191' title='bbox 348 2450 385 2517; x_wconf 93' lang='lat' dir='ltr'>in</span> <span class='ocrx_word' id='word_1_192' title='bbox 417 2452 548 2528; x_wconf 81' lang='lat' dir='ltr'>causae,</span> <span class='ocrx_word' id='word_1_193' title='bbox 580 2473 667 2540; x_wconf 90' lang='lat' dir='ltr'>quae</span> <span class='ocrx_word' id='word_1_194' title='bbox 694 2451 730 2516; x_wconf 92' lang='lat' dir='ltr'>in</span> <span class='ocrx_word' id='word_1_195' title='bbox 753 2455 827 2517; x_wconf 91' lang='lat' dir='ltr'>Deo</span> <span class='ocrx_word' id='word_1_196' title='bbox 849 2451 1042 2540; x_wconf 74' lang='lat' dir='ltr'>subsistunt3</span> <span class='ocrx_word' id='word_1_197' title='bbox 1071 2455 1151 2520; x_wconf 89' lang='lat' dir='ltr'>Pro·</span> 
     </span>
     <span class='ocr_line' id='line_1_27' title="bbox 44 2533 1152 2626; baseline 0.001 -24"><span class='ocrx_word' id='word_1_198' title='bbox 44 2537 150 2626; x_wconf 87' lang='lat' dir='ltr'>prium</span> <span class='ocrx_word' id='word_1_199' title='bbox 178 2556 259 2602; x_wconf 86' lang='lat' dir='ltr'>uero</span> <span class='ocrx_word' id='word_1_200' title='bbox 288 2533 530 2612; x_wconf 72' lang='lat' dir='ltr'>intellectualia</span> <span class='ocrx_word' id='word_1_201' title='bbox 557 2550 591 2600; x_wconf 92' lang='lat' dir='ltr'>et</span> <span class='ocrx_word' id='word_1_202' title='bbox 616 2534 789 2600; x_wconf 84' lang='lat' dir='ltr'>rationalia</span> <span class='ocrx_word' id='word_1_203' title='bbox 822 2533 1021 2602; x_wconf 81' lang='lat' dir='ltr'>substantiae</span> <span class='ocrx_word' id='word_1_204' title='bbox 1041 2560 1152 2604; x_wconf 89' lang='lat' dir='ltr'>unum</span> 
     </span>
     <span class='ocr_line' id='line_1_28' title="bbox 44 2618 1152 2708; baseline -0.001 -21"><span class='ocrx_word' id='word_1_205' title='bbox 44 2643 118 2687; x_wconf 90' lang='lat' dir='ltr'>cum</span> <span class='ocrx_word' id='word_1_206' title='bbox 148 2623 222 2685; x_wconf 90' lang='lat' dir='ltr'>Deo</span> <span class='ocrx_word' id='word_1_207' title='bbox 251 2618 719 2707; x_wconf 73' lang='lat' dir='ltr'>virtutecontemplationia,</span> <span class='ocrx_word' id='word_1_208' title='bbox 751 2633 785 2682; x_wconf 92' lang='lat' dir='ltr'>et</span> <span class='ocrx_word' id='word_1_209' title='bbox 814 2621 907 2683; x_wconf 83' lang='lat' dir='ltr'>Deua</span> <span class='ocrx_word' id='word_1_210' title='bbox 928 2641 990 2705; x_wconf 89' lang='lat' dir='ltr'>per</span> <span class='ocrx_word' id='word_1_211' title='bbox 1010 2619 1152 2708; x_wconf 76' lang='lat' dir='ltr'>gratiam</span> 
     </span>
     <span class='ocr_line' id='line_1_29' title="bbox 44 2701 1264 2801; baseline -0.002 -32"><span class='ocrx_word' id='word_1_212' title='bbox 44 2705 122 2770; x_wconf 84' lang='lat' dir='ltr'>lieri.</span> <span class='ocrx_word' id='word_1_213' title='bbox 166 2707 208 2768; x_wconf 91' lang='lat' dir='ltr'>D.</span> <span class='ocrx_word' id='word_1_214' title='bbox 240 2704 345 2768; x_wconf 85' lang='lat' dir='ltr'>Plane</span> <span class='ocrx_word' id='word_1_215' title='bbox 402 2701 543 2786; x_wconf 87' lang='lat' dir='ltr'>erspieio</span> <span class='ocrx_word' id='word_1_216' title='bbox 572 2724 643 2766; x_wconf 91' lang='lat' dir='ltr'>non</span> <span class='ocrx_word' id='word_1_217' title='bbox 673 2701 765 2766; x_wconf 89' lang='lat' dir='ltr'>aliud</span> <span class='ocrx_word' id='word_1_218' title='bbox 795 2703 858 2766; x_wconf 91' lang='lat' dir='ltr'>else</span> <span class='ocrx_word' id='word_1_219' title='bbox 879 2705 1009 2768; x_wconf 89' lang='lat' dir='ltr'>mundo</span> <span class='ocrx_word' id='word_1_220' title='bbox 1022 2704 1150 2801; x_wconf 78' lang='lat' dir='ltr'>perire,</span> <span class='ocrx_word' id='word_1_221' title='bbox 1261 2773 1264 2782; x_wconf 48' lang='lat'>‚</span> 
     </span>
     <span class='ocr_line' id='line_1_30' title="bbox 44 2725 1152 2876; baseline 0.002 -26"><span class='ocrx_word' id='word_1_222' title='bbox 44 2808 140 2876; x_wconf 81' lang='lat' dir='ltr'>quam</span> <span class='ocrx_word' id='word_1_223' title='bbox 168 2785 206 2850; x_wconf 93' lang='lat' dir='ltr'>in</span> <span class='ocrx_word' id='word_1_224' title='bbox 235 2785 347 2850; x_wconf 84' lang='lat' dir='ltr'>causat</span> <span class='ocrx_word' id='word_1_225' title='bbox 376 2725 451 2848; x_wconf 65' lang='lat' dir='ltr'>inae</span> <span class='ocrx_word' id='word_1_226' title='bbox 475 2781 603 2858; x_wconf 87' lang='lat' dir='ltr'>redire,</span> <span class='ocrx_word' id='word_1_227' title='bbox 641 2799 676 2848; x_wconf 88' lang='lat' dir='ltr'>et</span> <span class='ocrx_word' id='word_1_228' title='bbox 703 2783 740 2848; x_wconf 91' lang='lat' dir='ltr'>in</span> <span class='ocrx_word' id='word_1_229' title='bbox 764 2783 886 2849; x_wconf 87' lang='lat' dir='ltr'>meliua</span> <span class='ocrx_word' id='word_1_230' title='bbox 908 2801 1042 2850; x_wconf 77' lang='lat' dir='ltr'>mutari.</span> <span class='ocrx_word' id='word_1_231' title='bbox 1085 2787 1152 2852; x_wconf 85' lang='lat' dir='ltr'>Sed</span> 
     </span>
     <span class='ocr_line' id='line_1_31' title="bbox 44 2865 1154 2958; baseline -0.001 -25"><span class='ocrx_word' id='word_1_232' title='bbox 44 2868 121 2958; x_wconf 83' lang='lat' dir='ltr'>quia</span> <span class='ocrx_word' id='word_1_233' title='bbox 151 2889 226 2954; x_wconf 82' lang='lat' dir='ltr'>para</span> <span class='ocrx_word' id='word_1_234' title='bbox 251 2865 411 2932; x_wconf 87' lang='lat' dir='ltr'>senfibilia</span> <span class='ocrx_word' id='word_1_235' title='bbox 432 2865 553 2932; x_wconf 86' lang='lat' dir='ltr'>mundi</span> <span class='ocrx_word' id='word_1_236' title='bbox 576 2865 720 2931; x_wconf 82' lang='lat' dir='ltr'>maxima</span> <span class='ocrx_word' id='word_1_237' title='bbox 742 2867 785 2930; x_wconf 81' lang='lat' dir='ltr'>est</span> <span class='ocrx_word' id='word_1_238' title='bbox 806 2887 928 2954; x_wconf 79' lang='lat' dir='ltr'>corpur</span> <span class='ocrx_word' id='word_1_239' title='bbox 949 2871 1154 2945; x_wconf 63' lang='lat' dir='ltr'>humanum,</span> 
     </span>
     <span class='ocr_line' id='line_1_32' title="bbox 44 2947 1151 3048; baseline -0.003 -29"><span class='ocrx_word' id='word_1_240' title='bbox 44 2975 112 3019; x_wconf 88' lang='lat' dir='ltr'>non</span> <span class='ocrx_word' id='word_1_241' title='bbox 142 2953 232 3016; x_wconf 90' lang='lat' dir='ltr'>mole</span> <span class='ocrx_word' id='word_1_242' title='bbox 261 2951 318 3016; x_wconf 88' lang='lat' dir='ltr'>sed</span> <span class='ocrx_word' id='word_1_243' title='bbox 339 2947 505 3037; x_wconf 75' lang='lat' dir='ltr'>dignitate</span> <span class='ocrx_word' id='word_1_244' title='bbox 525 2947 697 3013; x_wconf 85' lang='lat' dir='ltr'>rationalia</span> <span class='ocrx_word' id='word_1_245' title='bbox 719 2947 870 3025; x_wconf 85' lang='lat' dir='ltr'>animae,</span> <span class='ocrx_word' id='word_1_246' title='bbox 900 2969 966 3048; x_wconf 75' lang='lat' dir='ltr'>qua</span> <span class='ocrx_word' id='word_1_247' title='bbox 987 2952 1151 3018; x_wconf 85' lang='lat' dir='ltr'>formatur</span> 
     </span>
     <span class='ocr_line' id='line_1_33' title="bbox 44 3030 1152 3120; baseline -0.002 -18"><span class='ocrx_word' id='word_1_248' title='bbox 44 3052 76 3102; x_wconf 87' lang='lat' dir='ltr'>et</span> <span class='ocrx_word' id='word_1_249' title='bbox 103 3033 297 3100; x_wconf 83' lang='lat' dir='ltr'>vivificatur</span> <span class='ocrx_word' id='word_1_250' title='bbox 327 3047 362 3097; x_wconf 90' lang='lat' dir='ltr'>et</span> <span class='ocrx_word' id='word_1_251' title='bbox 395 3030 523 3118; x_wconf 86' lang='lat' dir='ltr'>regitur</span> <span class='ocrx_word' id='word_1_252' title='bbox 544 3047 579 3096; x_wconf 89' lang='lat' dir='ltr'>et</span> <span class='ocrx_word' id='word_1_253' title='bbox 598 3031 817 3110; x_wconf 76' lang='lat' dir='ltr'>continetur3</span> <span class='ocrx_word' id='word_1_254' title='bbox 851 3035 893 3098; x_wconf 90' lang='lat' dir='ltr'>de</span> <span class='ocrx_word' id='word_1_255' title='bbox 913 3033 1015 3120; x_wconf 79' lang='lat' dir='ltr'>rpsrua</span> <span class='ocrx_word' id='word_1_256' title='bbox 1037 3033 1152 3100; x_wconf 86' lang='lat' dir='ltr'>reditu</span> 
     </span>
     <span class='ocr_line' id='line_1_34' title="bbox 44 3113 1150 3203; baseline -0.003 -19"><span class='ocrx_word' id='word_1_257' title='bbox 44 3131 191 3185; x_wconf 83' lang='lat' dir='ltr'>tractare·</span> <span class='ocrx_word' id='word_1_258' title='bbox 201 3117 285 3182; x_wconf 93' lang='lat' dir='ltr'>ordo</span> <span class='ocrx_word' id='word_1_259' title='bbox 300 3137 411 3181; x_wconf 87' lang='lat' dir='ltr'>rerum</span> <span class='ocrx_word' id='word_1_260' title='bbox 429 3113 533 3202; x_wconf 78' lang='lat' dir='ltr'>erigit</span> <span class='ocrx_word' id='word_1_261' title='bbox 550 3129 584 3178; x_wconf 87' lang='lat' dir='ltr'>et</span> <span class='ocrx_word' id='word_1_262' title='bbox 597 3113 837 3203; x_wconf 69' lang='lat' dir='ltr'>disputationis</span> <span class='ocrx_word' id='word_1_263' title='bbox 850 3114 965 3192; x_wconf 81' lang='lat' dir='ltr'>serica,</span> <span class='ocrx_word' id='word_1_264' title='bbox 978 3115 1026 3182; x_wconf 79' lang='lat' dir='ltr'>,ni</span> <span class='ocrx_word' id='word_1_265' title='bbox 1042 3118 1150 3184; x_wconf 85' lang='lat' dir='ltr'>fallor.</span> 
     </span>
     <span class='ocr_line' id='line_1_35' title="bbox 102 3196 1151 3278; baseline -0.002 -12"><span class='ocrx_word' id='word_1_266' title='bbox 102 3221 153 3267; x_wconf 84' lang='lat' dir='ltr'>oo.</span> <span class='ocrx_word' id='word_1_267' title='bbox 186 3203 234 3264; x_wconf 88' lang='grc' dir='ltr'>Μ.</span> <span class='ocrx_word' id='word_1_268' title='bbox 259 3203 297 3278; x_wconf 82' lang='lat' dir='ltr'>ln</span> <span class='ocrx_word' id='word_1_269' title='bbox 318 3203 386 3265; x_wconf 91' lang='lat' dir='ltr'>hoc</span> <span class='ocrx_word' id='word_1_270' title='bbox 406 3219 478 3263; x_wconf 89' lang='lat' dir='ltr'>non</span> <span class='ocrx_word' id='word_1_271' title='bbox 499 3196 642 3275; x_wconf 85' lang='lat' dir='ltr'>fallerir;</span> <span class='ocrx_word' id='word_1_272' title='bbox 679 3197 727 3263; x_wconf 89' lang='lat' dir='ltr'>ita</span> <span class='ocrx_word' id='word_1_273' title='bbox 749 3197 841 3264; x_wconf 90' lang='lat' dir='ltr'>enim</span> <span class='ocrx_word' id='word_1_274' title='bbox 860 3198 984 3264; x_wconf 81' lang='lat' dir='ltr'>iuliane</span> <span class='ocrx_word' id='word_1_275' title='bbox 1004 3199 1061 3266; x_wconf 86' lang='lat' dir='ltr'>via</span> <span class='ocrx_word' id='word_1_276' title='bbox 1082 3221 1151 3265; x_wconf 87' lang='lat' dir='ltr'>car·</span> 
     </span>
     <span class='ocr_line' id='line_1_36' title="bbox 44 3280 1153 3372; baseline 0.001 -21"><span class='ocrx_word' id='word_1_277' title='bbox 44 3289 150 3372; x_wconf 86' lang='lat' dir='ltr'>penda</span> <span class='ocrx_word' id='word_1_278' title='bbox 173 3285 226 3350; x_wconf 79' lang='lat' dir='ltr'>etl.</span> <span class='ocrx_word' id='word_1_279' title='bbox 270 3286 313 3346; x_wconf 93' lang='lat' dir='ltr'>D.</span> <span class='ocrx_word' id='word_1_280' title='bbox 336 3285 515 3369; x_wconf 82' lang='lat' dir='ltr'>Ingredere</span> <span class='ocrx_word' id='word_1_281' title='bbox 535 3280 660 3369; x_wconf 88' lang='lat' dir='ltr'>itaque.</span> <span class='ocrx_word' id='word_1_282' title='bbox 702 3283 750 3346; x_wconf 87' lang='lat' dir='ltr'>M.</span> <span class='ocrx_word' id='word_1_283' title='bbox 783 3281 944 3347; x_wconf 76' lang='lat' dir='ltr'>liuditum</span> <span class='ocrx_word' id='word_1_284' title='bbox 966 3284 1153 3352; x_wconf 85' lang='lat' dir='ltr'>secundum</span> 
     </span>
     <span class='ocr_line' id='line_1_37' title="bbox 44 3363 1187 3459; baseline -0.002 -25"><span class='ocrx_word' id='word_1_285' title='bbox 44 3369 180 3436; x_wconf 87' lang='lat' dir='ltr'>humani</span> <span class='ocrx_word' id='word_1_286' title='bbox 206 3365 356 3454; x_wconf 73' lang='lat' dir='ltr'>corporis</span> <span class='ocrx_word' id='word_1_287' title='bbox 390 3374 494 3444; x_wconf 81' lang='lat' dir='ltr'>[nam</span> <span class='ocrx_word' id='word_1_288' title='bbox 524 3363 652 3450; x_wconf 83' lang='lat' dir='ltr'>primur</span> <span class='ocrx_word' id='word_1_289' title='bbox 683 3363 720 3430; x_wconf 89' lang='lat' dir='ltr'>in</span> <span class='ocrx_word' id='word_1_290' title='bbox 750 3365 916 3432; x_wconf 87' lang='lat' dir='ltr'>elementa</span> <span class='ocrx_word' id='word_1_291' title='bbox 936 3365 1058 3432; x_wconf 89' lang='lat' dir='ltr'>solutio</span> <span class='ocrx_word' id='word_1_292' title='bbox 1080 3372 1187 3459; x_wconf 60' lang='lat' dir='ltr'>eiua,</span> 
     </span>
     <span class='ocr_line' id='line_1_38' title="bbox 45 3447 1151 3536; baseline 0.003 -20"><span class='ocrx_word' id='word_1_293' title='bbox 45 3453 100 3532; x_wconf 82' lang='lat' dir='ltr'>all)</span> <span class='ocrx_word' id='word_1_294' title='bbox 120 3449 398 3518; x_wconf 80' lang='lat' dir='ltr'>resurrectionem</span> <span class='ocrx_word' id='word_1_295' title='bbox 418 3447 521 3536; x_wconf 85' lang='lat' dir='ltr'>ipfiua</span> <span class='ocrx_word' id='word_1_296' title='bbox 544 3449 606 3512; x_wconf 86' lang='lat' dir='ltr'>else</span> <span class='ocrx_word' id='word_1_297' title='bbox 628 3447 854 3514; x_wconf 85' lang='lat' dir='ltr'>communiter</span> <span class='ocrx_word' id='word_1_298' title='bbox 875 3449 985 3516; x_wconf 86' lang='lat' dir='ltr'>omnia</span> <span class='ocrx_word' id='word_1_299' title='bbox 1005 3451 1151 3519; x_wconf 86' lang='lat' dir='ltr'>Ecclefit</span> 
     </span>
     <span class='ocr_line' id='line_1_39' title="bbox 44 3529 1153 3628; baseline 0.003 -30"><span class='ocrx_word' id='word_1_300' title='bbox 44 3536 174 3600; x_wconf 83' lang='lat' dir='ltr'>fatetur.</span> <span class='ocrx_word' id='word_1_301' title='bbox 216 3537 259 3597; x_wconf 89' lang='lat' dir='ltr'>D.</span> <span class='ocrx_word' id='word_1_302' title='bbox 296 3531 460 3598; x_wconf 87' lang='lat' dir='ltr'>Omnium</span> <span class='ocrx_word' id='word_1_303' title='bbox 489 3529 626 3628; x_wconf 56' lang='lat' dir='ltr'>proprie</span> <span class='ocrx_word' id='word_1_304' title='bbox 648 3547 808 3618; x_wconf 84' lang='lat' dir='ltr'>recteque</span> <span class='ocrx_word' id='word_1_305' title='bbox 830 3533 1041 3600; x_wconf 88' lang='lat' dir='ltr'>credentium</span> <span class='ocrx_word' id='word_1_306' title='bbox 1062 3555 1153 3601; x_wconf 87' lang='lat' dir='ltr'>com·</span> 
     </span>
     <span class='ocr_line' id='line_1_40' title="bbox 44 3613 1152 3706; baseline 0.001 -24"><span class='ocrx_word' id='word_1_307' title='bbox 44 3618 153 3686; x_wconf 81' lang='lat' dir='ltr'>munia</span> <span class='ocrx_word' id='word_1_308' title='bbox 181 3613 342 3684; x_wconf 86' lang='lat' dir='ltr'>couseffio</span> <span class='ocrx_word' id='word_1_309' title='bbox 379 3613 442 3692; x_wconf 80' lang='lat' dir='ltr'>est,</span> <span class='ocrx_word' id='word_1_310' title='bbox 481 3635 553 3680; x_wconf 89' lang='lat' dir='ltr'>nou</span> <span class='ocrx_word' id='word_1_311' title='bbox 582 3613 675 3680; x_wconf 89' lang='lat' dir='ltr'>aliud</span> <span class='ocrx_word' id='word_1_312' title='bbox 703 3617 768 3681; x_wconf 89' lang='lat' dir='ltr'>esse</span> <span class='ocrx_word' id='word_1_313' title='bbox 795 3615 941 3681; x_wconf 89' lang='lat' dir='ltr'>reditum</span> <span class='ocrx_word' id='word_1_314' title='bbox 972 3637 1152 3706; x_wconf 89' lang='lat' dir='ltr'>corporum</span> 
     </span>
     <span class='ocr_line' id='line_1_41' title="bbox 44 3695 1153 3787; baseline 0.002 -23"><span class='ocrx_word' id='word_1_315' title='bbox 44 3715 172 3787; x_wconf 86' lang='lat' dir='ltr'>praeter</span> <span class='ocrx_word' id='word_1_316' title='bbox 195 3721 312 3766; x_wconf 86' lang='lat' dir='ltr'>eorum</span> <span class='ocrx_word' id='word_1_317' title='bbox 332 3695 629 3774; x_wconf 82' lang='lat' dir='ltr'>resurrectionem,</span> <span class='ocrx_word' id='word_1_318' title='bbox 666 3712 702 3762; x_wconf 92' lang='lat' dir='ltr'>et</span> <span class='ocrx_word' id='word_1_319' title='bbox 721 3719 763 3764; x_wconf 85' lang='lat' dir='ltr'>ex</span> <span class='ocrx_word' id='word_1_320' title='bbox 782 3715 928 3786; x_wconf 89' lang='lat' dir='ltr'>quatuor</span> <span class='ocrx_word' id='word_1_321' title='bbox 946 3701 1067 3766; x_wconf 85' lang='lat' dir='ltr'>mundi</span> <span class='ocrx_word' id='word_1_322' title='bbox 1089 3703 1153 3765; x_wconf 89' lang='lat' dir='ltr'>ele·</span> 
     </span>
     <span class='ocr_line' id='line_1_42' title="bbox 44 3781 1153 3872; baseline -0.001 -21"><span class='ocrx_word' id='word_1_323' title='bbox 44 3782 164 3851; x_wconf 84' lang='lat' dir='ltr'>mentia</span> <span class='ocrx_word' id='word_1_324' title='bbox 192 3783 229 3850; x_wconf 88' lang='lat' dir='ltr'>iu</span> <span class='ocrx_word' id='word_1_325' title='bbox 259 3805 325 3872; x_wconf 87' lang='lat' dir='ltr'>qua</span> <span class='ocrx_word' id='word_1_326' title='bbox 359 3781 537 3847; x_wconf 86' lang='lat' dir='ltr'>solvuntur</span> <span class='ocrx_word' id='word_1_327' title='bbox 556 3781 828 3862; x_wconf 69' lang='lat' dir='ltr'>revocationem</span> <span class='ocrx_word' id='word_1_328' title='bbox 861 3781 980 3849; x_wconf 87' lang='lat' dir='ltr'>Ut’rum</span> <span class='ocrx_word' id='word_1_329' title='bbox 1003 3805 1083 3850; x_wconf 83' lang='lat' dir='ltr'>vero</span> <span class='ocrx_word' id='word_1_330' title='bbox 1104 3805 1153 3850; x_wconf 89' lang='lat' dir='ltr'>re·</span> 
     </span>
    </p>
   </div>
   <div class='ocr_carea' id='block_1_3' title="bbox 44 3863 1362 4012">
    <p class='ocr_par' dir='ltr' id='par_1_3' title="bbox 44 3863 1362 4012">
     <span class='ocr_line' id='line_1_43' title="bbox 44 3863 1362 4012; baseline -0.003 -78"><span class='ocrx_word' id='word_1_331' title='bbox 44 3863 201 3934; x_wconf 89' lang='lat' dir='ltr'>surrectio</span> <span class='ocrx_word' id='word_1_332' title='bbox 222 3883 402 3954; x_wconf 78' lang='lat' dir='ltr'>corporum</span> <span class='ocrx_word' id='word_1_333' title='bbox 423 3864 607 3930; x_wconf 85' lang='lat' dir='ltr'>secundum</span> <span class='ocrx_word' id='word_1_334' title='bbox 628 3865 769 4012; x_wconf 55' lang='lat' dir='ltr'>proriam</span> <span class='ocrx_word' id='word_1_335' title='bbox 790 3887 833 3930; x_wconf 86' lang='lat' dir='ltr'>an</span> <span class='ocrx_word' id='word_1_336' title='bbox 856 3867 1039 3932; x_wconf 86' lang='lat' dir='ltr'>secundum</span> <span class='ocrx_word' id='word_1_337' title='bbox 1056 3881 1153 3932; x_wconf 87' lang='lat' dir='ltr'>uatu-</span> <span class='ocrx_word' id='word_1_338' title='bbox 1249 3917 1255 3932; x_wconf 90' lang='lat'><strong><em>.</em></strong></span> <span class='ocrx_word' id='word_1_339' title='bbox 1358 3869 1362 3876; x_wconf 87' lang='lat'>&#39;</span> 
     </span>
    </p>
   </div>
   <div class='ocr_carea' id='block_1_4' title="bbox 44 3949 1153 4205">
    <p class='ocr_par' dir='ltr' id='par_1_4' title="bbox 44 3949 1153 4205">
     <span class='ocr_line' id='line_1_44' title="bbox 44 3949 1153 4038; baseline -0.005 -20"><span class='ocrx_word' id='word_1_340' title='bbox 44 3975 131 4026; x_wconf 87' lang='lat' dir='ltr'>ram,</span> <span class='ocrx_word' id='word_1_341' title='bbox 154 3971 196 4015; x_wconf 89' lang='lat' dir='ltr'>au</span> <span class='ocrx_word' id='word_1_342' title='bbox 219 3965 363 4036; x_wconf 79' lang='lat' dir='ltr'>utroque</span> <span class='ocrx_word' id='word_1_343' title='bbox 385 3963 608 4014; x_wconf 86' lang='lat' dir='ltr'>concurrente</span> <span class='ocrx_word' id='word_1_344' title='bbox 656 3963 690 4025; x_wconf 91' lang='lat' dir='ltr'>t,</span> <span class='ocrx_word' id='word_1_345' title='bbox 713 3954 962 4038; x_wconf 67' lang='lat' dir='ltr'>quaerendum</span> <span class='ocrx_word' id='word_1_346' title='bbox 985 3973 1064 4016; x_wconf 89' lang='lat' dir='ltr'>narn</span> <span class='ocrx_word' id='word_1_347' title='bbox 1083 3949 1153 4016; x_wconf 83' lang='lat' dir='ltr'>sere</span> 
     </span>
     <span class='ocr_line' id='line_1_45' title="bbox 44 4031 671 4125; baseline -0.008 -24"><span class='ocrx_word' id='word_1_348' title='bbox 44 4053 177 4125; x_wconf 80' lang='lat' dir='ltr'>paucoa</span> <span class='ocrx_word' id='word_1_349' title='bbox 191 4033 233 4098; x_wconf 82' lang='lat' dir='ltr'>de</span> <span class='ocrx_word' id='word_1_350' title='bbox 252 4035 319 4097; x_wconf 91' lang='lat' dir='ltr'>hoc</span> <span class='ocrx_word' id='word_1_351' title='bbox 339 4046 520 4098; x_wconf 86' lang='lat' dir='ltr'>tractantea</span> <span class='ocrx_word' id='word_1_352' title='bbox 548 4031 671 4119; x_wconf 85' lang='lat' dir='ltr'>reperi.</span> 
     </span>
     <span class='ocr_line' id='line_1_46' title="bbox 106 4113 1152 4205; baseline -0.005 -22"><span class='ocrx_word' id='word_1_353' title='bbox 106 4133 155 4199; x_wconf 72' lang='lat'>23.</span> <span class='ocrx_word' id='word_1_354' title='bbox 188 4117 239 4180; x_wconf 82' lang='lat' dir='ltr'>M.</span> <span class='ocrx_word' id='word_1_355' title='bbox 261 4115 339 4180; x_wconf 78' lang='lat' dir='ltr'>Non</span> <span class='ocrx_word' id='word_1_356' title='bbox 361 4135 424 4205; x_wconf 76' lang='lat' dir='ltr'>ego</span> <span class='ocrx_word' id='word_1_357' title='bbox 445 4117 605 4182; x_wconf 88' lang='lat' dir='ltr'>recordor</span> <span class='ocrx_word' id='word_1_358' title='bbox 624 4135 680 4182; x_wconf 87' lang='lat' dir='ltr'>rue</span> <span class='ocrx_word' id='word_1_359' title='bbox 700 4115 737 4180; x_wconf 89' lang='lat' dir='ltr'>in</span> <span class='ocrx_word' id='word_1_360' title='bbox 759 4115 890 4182; x_wconf 78' lang='lat' dir='ltr'>Latinis</span> <span class='ocrx_word' id='word_1_361' title='bbox 913 4113 1087 4182; x_wconf 86' lang='lat' dir='ltr'>codicibur</span> <span class='ocrx_word' id='word_1_362' title='bbox 1108 4114 1152 4178; x_wconf 86' lang='lat' dir='ltr'>le·</span> 
     </span>
    </p>
   </div>
   <div class='ocr_carea' id='block_1_5' title="bbox 47 4197 1154 4384">
    <p class='ocr_par' dir='ltr' id='par_1_5' title="bbox 47 4197 1154 4384">
     <span class='ocr_line' id='line_1_47' title="bbox 47 4197 1154 4292; baseline -0.005 -23"><span class='ocrx_word' id='word_1_363' title='bbox 47 4203 141 4292; x_wconf 74' lang='lat' dir='ltr'>gille,</span> <span class='ocrx_word' id='word_1_364' title='bbox 175 4219 249 4268; x_wconf 91' lang='lat' dir='ltr'>non</span> <span class='ocrx_word' id='word_1_365' title='bbox 280 4202 373 4285; x_wconf 87' lang='lat' dir='ltr'>quod</span> <span class='ocrx_word' id='word_1_366' title='bbox 397 4197 537 4267; x_wconf 76' lang='lat' dir='ltr'>sortall&#39;ra</span> <span class='ocrx_word' id='word_1_367' title='bbox 572 4201 615 4266; x_wconf 89' lang='lat' dir='ltr'>de</span> <span class='ocrx_word' id='word_1_368' title='bbox 635 4201 700 4266; x_wconf 84' lang='lat' dir='ltr'>hac</span> <span class='ocrx_word' id='word_1_369' title='bbox 720 4197 911 4288; x_wconf 74' lang='lat' dir='ltr'>quaestione</span> <span class='ocrx_word' id='word_1_370' title='bbox 931 4212 1154 4264; x_wconf 81' lang='lat' dir='ltr'>tractaturua</span> 
     </span>
     <span class='ocr_line' id='line_1_48' title="bbox 671 4319 711 4384; baseline 0.025 -1"><span class='ocrx_word' id='word_1_371' title='bbox 671 4319 711 4384; x_wconf 79' lang='grc'>30</span> 
     </span>
    </p>
   </div>
   <div class='ocr_carea' id='block_1_6' title="bbox 0 0 1490 4820">
    <p class='ocr_par' dir='ltr' id='par_1_6' title="bbox 0 0 1490 4820">
     <span class='ocr_line' id='line_1_49' title="bbox 0 0 1490 4820; baseline 0 0"><span class='ocrx_word' id='word_1_372' title='bbox 0 0 1490 4820; x_wconf 95' lang='lat' dir='ltr'> </span> 
     </span>
    </p>
   </div>
  </div>
 </body>
</html>
