2884 4820
316 273 394 348 662
649 271 703 339 lle
723 265 905 338 llieiiiorre
927 265 1096 380 Narin-oe.

319 453 488 524 Dominm
507 457 640 522 Patrem
661 455 757 518 suum
779 473 899 529 otini,
914 451 990 516 'aiii
1011 465 1072 526 „et
1091 469 1185 514 nunc
1205 447 1338 514 clarifici
1354 471 1393 512 ne

320 557 359 606 tu
385 541 485 604 Peter
513 541 602 628 apud
634 553 737 602 temer
765 535 874 622 ipsum
905 555 943 600 ea
982 533 1151 606 claritate.
1188 553 1284 618 quam
1302 531 1393 604 babai,

319 621 514 768 priuitpiim
540 625 688 688 mundus
720 617 816 719 elsetg
845 623 905 684 hoc
932 619 1072 702 protulit
1100 615 1248 689 verbum,
1282 619 1393 680 rerbuii

320 725 412 876 {lli
433 703 855 864 :tlb’ril'lslstll
873 699 1394 880 libertinitatis

320 869 364 937 ell
392 887 585 956 temperior
622 871 774 958 prolecto
797 867 850 942 ei,
881 870 973 954 quod
996 883 1142 952 accepit,
1175 870 1247 945 ejur
1267 867 1394 930 claritati

321 953 521 1040 expullulat,
554 957 646 1020 unde
676 975 746 1018 non
779 947 911 1016 destitit.
954 953 1043 1038 Ergo
1065 949 1142 1035 quii
1165 949 1253 1013 filine
1273 949 1393 1018 verbum,

320 1051 356 1104 et
374 1041 514 1104 verbum
535 1057 612 1102 ciro
633 1037 777 1109 sectum.
802 1050 836 1098 et
856 1037 947 1102 Deue
967 1036 1126 1099 verbum.
1149 1047 1184 1096 et
1200 1035 1266 1096 boc
1280 1029 1312 1094 in
1325 1027 1393 1116 prin·

321 1117 412 1217 cipio
443 1121 533 1207 apud
564 1123 677 1183 Deum
698 1133 732 1182 et
752 1119 890 1182 verbum
914 1133 992 1182 ante
1012 1113 1132 1182 mundi
1153 1111 1393 1182 constitutionem

319 1201 429 1276 filium
468 1199 558 1268 silini
578 1223 672 1267 nune
694 1221 770 1266 caro
792 1201 900 1265 fictur
922 1202 1053 1273 orabat,
1091 1213 1130 1262 ut
1149 1201 1217 1262 hoc
1235 1194 1321 1261 Patri
1339 1213 1392 1258 cui

318 1281 490 1382 inciperet
504 1285 586 1385 esse,
608 1286 700 1384 quod
721 1286 880 1358 verbum,
903 1298 943 1346 ut
962 1282 998 1346 id
1017 1283 1109 1373 quod
1127 1282 1168 1344 de
1185 1291 1392 1376 tempopeerit²

320 1369 460 1466 gloriam
477 1389 574 1448 einr,
596 1389 655 1454 qui
677 1367 745 1430 sine
765 1382 916 1464 tempore
939 1366 1000 1440 est,
1024 1378 1210 1449 acciperet.
1241 1377 1329 1426 utin
1349 1363 1392 1422 Du

213 1464 215 1472 ’
320 1465 480 1517 virtutem
514 1465 548 1514 et
578 1449 614 1516 in
637 1448 772 1536 spiritui
793 1447 1083 1534 incorruptionem
1106 1447 1331 1511 transformata
1348 1463 1393 1505 cir·

320 1529 375 1600 itii
395 1532 568 1619 corruptio
591 1533 852 1598 absorberetur.”

383 1625 434 1694 38.
458 1615 494 1678 Si
516 1637 594 1700 ergo
618 1616 851 1680 transformata
871 1633 948 1678 ciro
970 1609 1090 1677 christi
1113 1611 1157 1674 esl
1177 1610 1215 1674 in
1237 1609 1298 1674 Dei
1317 1606 1391 1670 iiiii·

321 1709 390 1760 tem
412 1711 446 1760 et
467 1695 601 1782 spiritua
622 1696 936 1792 incorruptionem
958 1693 1112 1780 profecto
1134 1693 1205 1780 ipsa
1228 1713 1299 1759 ciro
1317 1689 1393 1754 virtu

321 1773 366 1842 est
387 1793 420 1842 et
440 1775 706 1864 incorruptibilis
729 1779 885 1864 spiritura·
915 1799 954 1840 ao
975 1778 999 1840 si
1019 1776 1085 1840 nei
1107 1776 1218 1842 virtue
1240 1791 1272 1842 et
1291 1771 1391 1860 spiritu

319 1855 447 1944 tibique
478 1859 537 1936 esl,
570 1882 641 1926 non
677 1861 783 1926 solum
813 1862 910 1946 super
939 1861 1014 1922 loca
1044 1875 1078 1923 et
1111 1875 1277 1945 tempora,
1305 1875 1391 1920 verim

320 1939 422 2014 etiam
443 1942 542 2027 super
563 1965 666 2008 omne
685 1945 778 2029 ¹quod
798 1942 860 2025 esl3
881 1940 967 2006 nulli
986 1941 1145 2016 dubium,
1168 1943 1254 2026 quin
1267 1940 1391 2026 ipsicari

248 2040 251 2047 '
319 2019 358 2090 iii
386 2023 548 2088 virtutem
580 2041 614 2090 et
644 2025 797 2110 spiritum
819 2024 1070 2098 nimionimio,
1107 2026 1204 2089 nullo
1226 2027 1298 2089 loco
1316 2017 1391 2086 coni·

319 2123 458 2182 nentur,
494 2109 589 2174 nullo
611 2124 763 2194 tempore
783 2121 951 2180 mutetur;
988 2107 1044 2170 sed
1065 2107 1159 2170 sicuti
1181 2108 1248 2171 Dei
1268 2103 1357 2168 iiiiii
1372 2111 1392 2194 ⁸!

320 2189 475 2267 siritiir,
509 2194 650 2256 verbum
677 2189 853 2263 videlicet,
909 2191 976 2252 uod
998 2187 1099 2255 etiem
1124 2189 1160 2254 in
1185 2190 1338 2254 unitatem
1355 2185 1392 2245 fibi

320 2213 518 2345 siibllentiae
540 2289 730 2359 acceperit,
754 2271 867 2336 omnia
886 2211 961 2335 ioca
983 2285 1016 2334 et
1038 2286 1207 2358 tempora,
1243 2287 1274 2336 et
1294 2269 1392 2332 unirer·

319 2352 430 2420 saliret
451 2377 586 2418 omnem
611 2352 954 2440 circumscriptionem
977 2357 1123 2418 excedat.
1180 2357 1241 2419 Set
1262 2353 1301 2417 eli
1318 2349 1393 2437 igitur
1416 2339 1417 2379 ¹

318 2435 460 2521 priesiti
481 2435 625 2520 migislri
649 2459 751 2502 unam
772 2435 990 2510 sententiam,
1013 2457 1089 2500 cum
1110 2439 1238 2502 multae
1259 2437 1328 2508 bnt,
1350 2449 1390 2516 po·

318 2537 400 2614 itere
427 2521 468 2582 de
489 2519 585 2582 coelo
610 2533 644 2581 ct
665 2536 770 2592 terra,
802 2539 1001 2602 quaernunc
1023 2519 1116 2594 sunt,
1147 2520 1233 2606 quid
1275 2509 1390 2595 osjudi

320 2619 413 2664 cium
435 2599 549 2668 futuri
571 2615 671 2672 erunt
694 2599 730 2663 in
752 2597 907 2664 vicesimo
931 2602 973 2664 ile
995 2600 1141 2664 Civitite
1164 2602 1232 2667 Dei
1251 2543 1326 2665 iibro
1349 2613 1391 2658 tit

320 2678 452 2748 decimo
486 2681 646 2767 capitulo.
689 2681 845 2760 „Postea,
880 2685 1002 2764 inquit,
1038 2699 1174 2770 peracto
1197 2682 1316 2764 judicio
1333 2695 1390 2742 tuuc

319 2763 383 2829 elle
412 2763 540 2828 definet
567 2765 633 2830 boc
663 2767 795 2829 coelum
826 2781 859 2828 et
879 2767 963 2830 baec
985 2781 1094 2842 terri,
1128 2771 1264 2852 quando
1282 2761 1416 2848 incipiet}

318 2845 382 2912 else
402 2847 536 2914 coelum
556 2867 685 2912 riorum
708 2863 741 2910 et
763 2863 848 2911 terri
869 2869 978 2923 novat
1000 2847 1190 2914 mutatione
1213 2867 1343 2934 namque
1357 2862 1390 2904 te·
1415 2835 1416 2869 ¹

317 2949 414 3004 riam,
435 2950 506 2994 iton
529 2927 725 2996 omnimodo
747 2929 888 2994 interitu
908 2930 1063 2994 transibit
1084 2929 1141 2996 hic
1160 2931 1330 2998 mundur.”
1345 2927 1392 2989 Ui·

318 3013 362 3078 ilc
386 3026 420 3076 et
440 3014 466 3077 Δ
494 3011 615 3078 ollolui
637 3011 738 3090 dicite
758 3011 944 3092 „Praeterit
964 3013 1071 3098 ligura
1093 3016 1195 3095 liujiir
1214 3010 1335 3087 mundi,
1351 3027 1391 3070 vo

315 3093 351 3158 lo
374 3115 447 3172 roi¹
482 3115 525 3158 ne
548 3093 775 3160 sollicitudine
796 3095 878 3160 elsei
912 3095 935 3158 fi
983 3117 1018 3160 ra
1041 3117 1075 3160 et
1100 3117 1119 3162 o
1141 3095 1315 3183 praeterit,
1341 3109 1389 3156 noi

316 3183 470 3240 iiattira.”
511 3175 598 3252 Dic.
632 3177 773 3264 quaeso,
803 3175 863 3242 ubi
893 3175 926 3241 di
953 3194 1035 3244 onet
1067 3201 1084 3243 a
1136 3179 1207 3254 bia,
1237 3171 1390 3266 quaesiti·

317 3279 394 3324 miii
425 3261 467 3322 de
496 3257 640 3357 transitu
671 3259 791 3326 mundi
812 3262 913 3340 liujus
935 3259 972 3324 in
994 3263 1066 3326 suar
1089 3263 1218 3338 crusii,
1250 3281 1324 3347 quii
1342 3253 1415 3357 ipstp

315 3355 470 3407 naturam
496 3358 642 3406 vocavit.
685 3343 744 3406 llle
766 3341 865 3417 dicit,
899 3345 1118 3408 hoccoelum
1139 3360 1173 3408 et
1193 3348 1280 3413 lianc
1299 3357 1389 3406 tortu

316 3423 389 3520 post
420 3422 585 3501 judicium
617 3425 679 3488 else
701 3424 875 3498 defutura.
907 3425 1007 3490 solam
1030 3449 1110 3492 vero
1132 3449 1249 3500 eorum
1269 3439 1390 3490 naturam

315 3504 572 3574 immutabiliter
593 3526 762 3583 maneret,
782 3505 931 3572 fimilitet
951 3523 985 3570 et
1006 3529 1067 3574 nor
1090 3511 1266 3577 docuimus
1285 3501 1390 3589 vesligit

183 3647 186 3658 ,
316 3589 388 3666 eiiii
411 3604 444 3651 et
465 3573 606 3654 aflorum
628 3589 785 3654 similium
806 3587 1032 3676 requirenter,
1064 3614 1165 3658 omne
1186 3595 1277 3679 quod
1295 3590 1326 3654 in
1344 3591 1390 3650 bot

314 3671 444 3734 mundo
473 3671 623 3741 senfibile
648 3689 681 3736 et
706 3673 812 3738 locale
834 3688 867 3735 et
888 3673 1071 3758 temporale
1092 3697 1259 3760 omneque
1277 3665 1390 3740 mutabi-

313 3749 412 3832 litiiti¹
425 3754 628 3830 obnoxium,
650 3754 852 3840 periturum.
875 3757 941 3820 boc
962 3756 1012 3820 elb
1028 3757 1248 3830 tinniturum
1260 3757 1295 3827 iii
1307 3753 1388 3840 ipsiu
1413 3761 1414 3770 ’

314 3833 543 3933 ξαδίὶαιηιιίιιῃς
573 3854 725 3904 naturam
756 3859 836 3904 vero
865 3842 956 3918 ejui,
992 3861 1077 3925 quae
1112 3839 1390 3938 incorporaliter}

312 3917 573 4016 intelligibiliter
592 3921 628 3984 in
652 3919 922 4018 primordialibui
943 3943 1055 3988 rerum
1070 3925 1178 3990 musii
1204 3917 1390 3992 immutabili·

314 4014 367 4086 tet
388 4018 423 4068 et
437 4002 739 4088 incorruptibiliter
758 4004 968 4080 continetur,
993 4007 1119 4092 semper
1138 4007 1326 4072 mansuram.
1354 3995 1387 4060 Si·

314 4083 1386 4259 111111111111111111111111111111
1412 4151 1413 4198 l

517 4265 520 4268 Ι
828 4195 849 4237 r
968 4217 979 4249 ,
1046 4199 1080 4248 ¹,
1141 4195 1267 4261 empti
