3038 4832
365 274 375 292 ¹
459 291 570 366 uber
587 289 786 365 oramate.
1035 335 1040 348 =
1108 291 1180 363 11⁷

63 475 133 544 lilii
153 473 342 554 revelabit,
363 495 481 544 nonne
503 475 711 564 consequens
732 473 796 542 erit
816 473 943 552 dicere,
964 477 1177 566 nemonopit
1249 473 1251 478 ’

63 559 180 624 filium
213 558 278 625 iiiii
303 573 399 645 pater
430 575 465 624 et
485 558 542 624 cui
561 561 707 624 Verbum
722 557 831 646 patria
850 557 1038 625 revelabit?
1069 559 1119 630 ita
1137 577 1182 628 ut,

64 641 301 730 intelligamus
321 641 461 706 revelari
481 663 543 728 per
562 643 819 729 Throphoniasi
840 663 920 726 uam
941 641 1177 731 essentiasiiipa·⁸

65 725 127 790 tria
149 741 188 789 et
208 722 345 809 spiritus
366 723 490 802 sancti,
521 739 620 812 atque
641 724 834 790 substantias
857 747 973 794 eorum
989 747 1055 824 per
1073 725 1178 814 seipsa
1202 749 1203 758 ¹

66 805 286 872 immediatae
307 823 476 871 creaturae
495 805 635 872 revelari
655 805 855 894 impossibile
876 809 929 874 eit
963 807 1124 873 Similiter
1134 812 1177 874 de

68 893 174 954 modo
197 903 233 954 et
254 889 414 988 qualitate
424 887 572 988 'divinae
593 889 819 990 generationis
840 889 1118 994 intelligendum
1151 892 1176 956 ii

69 989 350 1142 mittis
365 975 829 1143 ἴὲἕῧὲἒᾞὶιῗῖἳιᾛὲἑζ
839 975 1177 1124 illinistis-till

73 1155 120 1202 ter
140 1140 168 1202 si
187 1137 325 1224 proprie
344 1139 466 1204 modus
488 1151 522 1202 et
543 1138 682 1224 qualitas
705 1141 747 1204 de
769 1161 807 1204 ea
819 1155 939 1205 natura
953 1139 1177 1228 praedicanda

73 1221 127 1296 fit,
165 1241 251 1307 quae
277 1221 410 1307 superat
429 1241 564 1286 omnem
584 1225 725 1286 modum
744 1243 948 1310 omnemque
993 1221 1176 1300 uilitatem,

75 1320 269 1389 caeteraque
312 1325 374 1368 uae
395 1305 579 1373 secundum
600 1303 755 1370 accidens
776 1305 948 1372 dicuntur.
1015 1327 1032 1370 e
1053 1304 1176 1392 quibua

72 1385 249 1534 plnbuprispxrp
269 1386 302 1532 th
326 1408 363 1451 ro
384 1387 561 1536 interUnop
575 1386 757 1536 ⁶2¹¹?ss
793 1387 954 1536 &graditur
973 1382 1177 1536 iipsplrrido·

250 1491 570 1534 commem..
692 1495 780 1536 .e.
856 1491 1177 1537 rovcrorumex

73 1551 252 1638 unigenito
304 1549 385 1616 enui
412 1566 465 1628 te,
495 1556 529 1616 in
546 1549 781 1642 splendoribus
803 1557 993 1621 Sanctorum
1013 1569 1091 1619 urite
1108 1557 1178 1620 Lis·

72 1641 106 1698 ei
124 1657 220 1700 rrum.
294 1650 309 1697 t
339 1635 470 1700 iterum'
492 1635 550 1700 hic
575 1637 729 1736 intellige
755 1638 897 1702 secretos
948 1653 1081 1702 aternae
1099 1638 1176 1702 sub·

104 1718 214 1782 antiae
232 1717 339 1792 finus,
363 1739 403 1782 ex
423 1717 545 1804 quibus
565 1719 783 1808 unigenitus,
814 1719 874 1808 qui
894 1662 944 1785 ei
958 1723 1100 1786 verbum
1119 1740 1177 1806 pa·

74 1800 152 1875 tris,
180 1816 280 1864 natus
301 1800 362 1877 est,
394 1817 429 1864 et
448 1804 490 1865 de
511 1799 632 1899 quibus
653 1805 782 1890 semper
800 1801 967 1880 nascitur,
991 1803 1081 1868 etin
1103 1800 1177 1890 qui·

72 1885 135 1946 bus
164 1885 243 1946 dum
275 1883 405 1968 semper
432 1899 582 1948 nascitur
608 1887 738 1972 semper
764 1901 896 1963 manet;
930 1889 972 1950 de
994 1885 1116 1974 quibus
1136 1883 1176 1949 iii

72 1965 257 2053 Evangelio
280 1965 409 2030 dictum
431 1965 490 2039 est,
523 1969 633 2031 Deum
655 1991 746 2033 nemo
765 1971 857 2033 vidit
876 1991 1031 2052 unquam.
1064 1970 1175 2050 unige-

73 2053 164 2113 ritus
188 2061 298 2111 autem
324 2051 384 2130 qui
415 2071 432 2109 e
492 2049 527 2110 in
568 2071 624 2112 inii
642 2054 771 2132 petris,
803 2046 875 2134 ipss
894 2051 1054 2115 narrabit.
1095 2051 1175 2114 Non

74 2131 165 2196 eiiim
186 2131 395 2216 separatura
443 2144 532 2206 atre,
581 2131 617 2194 ui
639 2132 850 2196 aeternaliter
870 2149 905 2194 et
918 2129 1178 2194 incommutabi-

74 2213 150 2278 liter
170 2212 273 2277 estin
293 2225 409 2310 patre,
427 2213 511 2276 sicut
530 2152 601 2298 ipie
622 2211 688 2276 ait:
708 2217 783 2295 Ego
804 2217 838 2276 in
859 2216 954 2276 Patre
974 2225 1009 2276 et
1028 2216 1127 2276 Pater
1143 2215 1177 2275 in

73 2321 131 2361 ine.
171 2297 273 2359 Pater
303 2291 408 2381 agitur
434 2317 482 2359 ex
510 2309 602 2362 utero
633 2297 692 2360 suo
721 2295 840 2382 genuit
868 2294 978 2360 filium
1013 2295 1111 2358 suum
1141 2296 1178 2358 in

66 2376 303 2528 {plenioribus
341 2381 546 2456 Sanctorum,
586 2395 747 2444 nascente
774 2378 864 2444 enim
895 2377 966 2442 filio
997 2399 1038 2442 ex
1067 2379 1176 2453 Patre,

89 2465 267 2551 plendores
290 2459 378 2525 fiunt
398 2461 608 2536 sanctorum,
639 2465 706 2529 hoc
729 2461 789 2536 est.
818 2461 1033 2549 cognitiones
1056 2461 1177 2524 electo·

75 2569 164 2621 rum,
187 2559 223 2608 et
243 2543 559 2630 praedestinationes
581 2544 805 2609 substantiales
824 2544 862 2608 in
885 2547 987 2608 verbo
1008 2541 1092 2618 Dei,
1117 2541 1177 2628 qui

75 2649 154 2704 uos,
184 2627 342 2712 Apollolo
371 2627 468 2704 teile,
503 2643 581 2691 ante
611 2643 762 2714 tempora
781 2626 941 2693 secularia
959 2624 1179 2712 praedestina·

75 2711 123 2774 rit
149 2711 188 2774 iii
217 2729 378 2794 regnumi
410 2731 480 2774 non
512 2709 597 2774 dixit
625 2726 703 2774 ante
732 2729 884 2798 tempora
914 2725 1064 2784 aeterna,
1100 2707 1178 2769 sunt

76 2793 164 2859 enim
187 2807 339 2876 tempora
360 2807 493 2855 aeterna
512 2791 638 2866 Patria.
663 2808 697 2855 et
719 2792 781 2855 filii
804 2809 837 2856 et
859 2794 890 2854 S.
908 2789 1022 2854 Sancti
1036 2789 1178 2854 coessen-

75 2876 161 2940 tialis
192 2872 391 2938 aeternitate
427 2875 464 2937 in
492 2881 560 2959 quo
591 2873 815 2938 substantiales
837 2875 1028 2959 splendores
1051 2872 1179 2935 sancto·

76 2983 169 3031 rum,
199 2955 420 3040 omniumque
450 2977 561 3020 rerum
581 2955 811 3040 primordiales
833 2955 948 3018 causae
969 2953 1180 3016 aeternaliter

76 3038 232 3108 conditae
256 3037 350 3110 sunt,
387 3036 598 3124 ipsarumque
619 3037 790 3101 causarum
812 3035 949 3100 effectus
969 3031 1124 3122 praesciti
1145 3049 1180 3098 et

76 3120 309 3270 praedestinati
329 3119 486 3202 fuerunt3
507 3121 564 3182 sed
585 3135 663 3182 ante
684 3133 835 3205 tempora
856 3115 1031 3189 secularia,
1054 3115 1092 3178 in
1109 3113 1182 3202 qui·
1255 3141 1260 3158 ι
1350 3132 1356 3150 ·

100 3229 138 3270 aa
168 3203 287 3268 causae
312 3201 412 3265 semel
441 3216 475 3266 et
496 3201 706 3265 aeternaliter
725 3201 761 3265 iri
783 3197 952 3296 principio
973 3200 1096 3274 factae,
1130 3219 1180 3262 or·

80 3290 156 3354 dine
180 3289 326 3373 quodam
348 3283 534 3348 seculorum
555 3284 702 3347 similiter
720 3282 946 3364 praediffinito
969 3298 1069 3368 atque
1088 3301 1181 3368 prae·

81 3369 236 3458 cognito,
258 3367 295 3430 in
317 3365 456 3430 effectus
478 3367 553 3429 suos
575 3367 640 3429 five
661 3365 803 3431 visibiles
824 3367 890 3430 sive
906 3363 1182 3460 invisibilesndi·

82 3455 158 3518 rina
186 3448 404 3538 providentia
426 3446 689 3526 administrante,
720 3451 921 3535 procedunt.
960 3446 1182 3511 Praedeilina·

82 3537 188 3601 tiones
209 3535 233 3597 fi
257 3531 376 3602 uidem
394 3547 428 3596 et
448 3529 740 3628 praecognitiones
762 3536 977 3604 Sanctorum,
1022 3549 1081 3592 uas
1095 3529 1183 3592 Psal-

83 3619 172 3684 miila
250 3637 346 3698 gotes
373 3627 545 3688 nominat,
575 3635 686 3676 rerum
710 3635 755 3678 ue
775 3612 928 3680 omnium
947 3552 1127 3677 visiliilium
1148 3625 1183 3674 et

85 3699 300 3767 invisibilium
334 3697 481 3762 rationes
507 3695 595 3784 patri
612 3711 657 3759 *et
683 3635 754 3760 silio
783 3712 975 3762 coaeternas
997 3695 1059 3758 eise
1080 3693 1184 3758 credi·

84 3807 166 3851 mus.
207 3789 250 3850 ln
277 3781 370 3846 verbi
399 3780 490 3845 enim
514 3781 587 3844 Dei
605 3779 868 3868 dispensatione,
903 3779 951 3844 ait
969 3775 1203 3863 Augustinus„

84 3891 146 3934 nors
154 3859 265 4015 im
277 3861 344 3952 sed
364 3877 499 3928 artenia
517 3855 602 3948 [urit.
635 3863 734 3958 'Nou
755 3863 843 3927 facta
865 3860 949 3926 dicit
969 3863 1079 3924 adhue
1099 3874 1183 3956 tem·

83 3949 153 4039 pori
176 3971 217 4016 ua
252 3961 288 4011 et
308 3946 393 4011 locis
414 3967 475 4033 per
495 3959 770 4044 generationem,
802 3946 890 4008 saeta
911 3965 991 4008 vero
1013 3943 1186 4041 aeternali·

87 4049 133 4098 ter
156 4032 196 4134 ira
218 4031 325 4134 versio
344 4033 438 4108 juxta
458 4029 725 4128 primordialium
745 4028 916 4124 causarum
927 4027 1187 4126 conditionem·

86 4107 1188 4288 irminwini?:dimittit-:itit
