2970 4826
495 241 604 320 biber·
624 245 791 332 Quoetns·
887 334 890 361 Ι
1115 243 1198 321 tua

75 451 119 498 co
172 443 323 506 caueret,
346 429 524 519 deligeret,
545 447 734 507 vereretur,
757 451 829 498 non
850 427 991 500 seneffia
1009 452 1027 496 a
1043 429 1196 518 [erpente

76 515 111 580 le
138 529 315 588 uceretur.
345 537 410 582 nec
441 514 553 582 virum
583 515 679 580 [uum
710 517 892 582 attraheret
916 531 957 585 ut
1013 515 1195 592 erueretur,

76 619 145 666 nec
169 600 212 664 de
233 597 325 664 foliis
347 597 426 674 fici,
462 601 529 666 boc
550 599 594 664 cll
615 602 657 665 de
678 599 789 666 verbis
811 538 1022 694 ioluunnodo
1043 597 1196 690 mandeti

77 679 306 748 succinctoria
339 681 398 748 sibi
431 683 650 757 consuerent.
683 686 750 748 boc
771 683 815 746 est
835 687 1005 770 congruos
1027 679 1196 752 defideriis

80 763 193 831 cernis
215 763 464 853 mortiferisque
486 765 757 853 turpitudinibus
774 765 840 832 luis
857 765 954 843 ulus.
977 765 1034 830 led
1052 767 1093 832 de
1108 765 1196 832 frue-

81 865 121 916 tu
148 846 261 922 illius,
293 852 361 916 boc
391 851 435 916 est
456 851 499 915 de
520 872 599 916 vera
621 849 783 937 vitalique
805 848 942 916 divinae
961 847 1046 948 legis
1068 848 1196 918 virtute

77 931 459 1083 llllrtlllltsslll·
483 934 1197 1104 lle‘2⁶33ttlttli‘tlttettltlt

82 1113 151 1166 tata
174 1114 210 1162 et
233 1099 417 1170 secundum
441 1103 543 1168 lolem
564 1101 695 1166 literam
718 1101 940 1174 confiderem,
971 1100 1197 1188 humanisque

78 1181 138 1248 len
161 1181 339 1250 diabolicis
361 1183 651 1272 superstitionibus
671 1199 845 1284 corrupte,
868 1182 1058 1274 carnalibus
1071 1205 1197 1258 concu-

75 1265 259 1353 piscentiis
288 1267 332 1332 est
360 1290 510 1356 congrua
532 1284 566 1334 et
586 1267 872 1334 irrationabilibus
894 1266 1044 1336 motibus
1065 1267 1195 1355 perico-

76 1365 189 1425 mata,
222 1350 330 1416 veluti
360 1353 562 1439 quibuedam
591 1351 682 1418 foliis
705 1351 864 1422 inanibus
886 1349 1049 1437 omnique
1068 1351 1196 1422 virtute

75 1455 116 1502 ec
148 1454 233 1500 vero
255 1433 451 1514 intellectu,
483 1436 624 1524 praestat
645 1437 802 1501 consutas
834 1438 923 1502 bene
942 1456 1024 1500 vero
1045 1451 1079 1500 et
1101 1431 1195 1532 spiri·

77 1517 220 1582 tualiter
251 1517 423 1596 intellecta
454 1520 617 1608 omnique
638 1515 764 1586 cernaii
785 1519 883 1584 sensu
903 1539 943 1584 ac
963 1515 1197 1606 superstittone

76 1617 245 1688 purgate„
270 1603 477 1670 salutiferum
508 1604 646 1670 vitalem
672 1625 715 1668 ue
742 1602 1022 1680 comedentibus,
1058 1605 1125 1667 hoc
1153 1599 1199 1668 ell

75 1701 170 1750 recte
207 1685 392 1754 secundum
415 1687 569 1776 spiritum
590 1627 862 1774 inrdiligentibus
884 1709 978 1762 cam,
1013 1683 1197 1752 fructificat

75 1769 191 1834 eluant
217 1771 348 1857 dequo
367 1772 470 1872 primi
495 1771 651 1838 homines
672 1773 851 1836 comedere
867 1772 1042 1846 nolentes,
1065 1769 1122 1834 led
1137 1767 1197 1834 fal-

75 1853 135 1920 filo
162 1850 202 1916 ui
230 1853 392 1940 serpentis
425 1853 699 1954 interpretationi
727 1858 920 1928 credentes.
952 1875 1025 1918 non
1046 1849 1199 1918 fructum

74 1874 197 2022 legdie
220 1935 277 2000 fici
299 1938 334 2002 in
358 1939 456 2006 usum
478 1939 494 2004 i
515 1938 613 2004 tritus
636 1952 858 2026 acceperunt,
897 1937 955 2004 sed
977 1933 1057 2000 l'olie
1078 1934 1197 2000 inania

73 2017 275 2105 fraudisque
304 2023 423 2107 plena,
457 1963 525 2086 soie
547 2019 708 2087 videlicet
731 2022 849 2096 verbe.
884 2017 1051 2086 diabolica
1079 2015 1197 2114 astutia

74 2123 257 2177 connexa,
288 2101 772 2190 quibus.luerum,libidinum
794 2099 1027 2190 turpitudines
1046 2121 1199 2186 coopert·
1252 2143 1259 2156 ·

74 2207 112 2250 re
134 2187 303 2252 valerent.
349 2189 425 2252 Hoc
446 2202 558 2250 antem
582 2185 726 2251 dicimus
748 2187 900 2268 sanctum
920 2183 1130 2252 Ambrosium
1150 2179 1199 2247 se·

75 2269 336 2418 ii⁰¹¹iiilni¹fi
358 2269 667 2418 lllllllrltll
680 2267 1197 2420 llulb‘t‘lttlttl⁵l⁰n⁶ltt

143 2399 153 2426 9
311 2399 319 2416 ”
353 2401 374 2426 b·
770 2399 779 2430 β

77 2433 256 2502 cinctoria.
298 2435 418 2502 Ficum
440 2441 507 2502 boc
528 2438 604 2502 loco
626 2457 687 2583 im
711 2460 777 2524 que
802 2435 912 2535 specie
934 2437 1096 2502 debemus
1111 2431 1197 2501 acci·
1299 2443 1303 2454 ¹

644 2520 727 2586 eries
749 2523 955 2590 lectionum:
985 2513 1197 2606 qnandoqui-

80 2604 159 2668 dem
181 2602 287 2674 lalvos
312 2604 374 2666 elie
395 2603 454 2690 qui
479 2603 537 2666 sub
560 2604 631 2666 vite
654 2617 688 2666 et
708 2603 777 2668 ficu
798 2602 1033 2688 requiescunt,
1056 2599 1196 2686 scriptu·

79 2705 116 2748 ra
138 2685 396 2758 memoraverit.
421 2701 454 2750 et
477 2687 635 2750 Salomon
662 2683 803 2750 dixerit:
827 2685 913 2768 Quis
928 2685 1063 2784 plantat
1079 2682 1194 2756 ficum.

4 2791 6 2800 ’
80 2781 117 2830 et
140 2769 182 2830 de
205 2767 317 2832 fructu
340 2772 411 2846 ejus
435 2787 505 2832 non
528 2768 733 2858 manduqrti
770 2771 813 2851 F<t
835 2771 1005 2840 Dominus
1027 2767 1070 2830 sd
1092 2765 1196 2831 ficum

81 2847 238 2920 venerit.
261 2849 317 2914 sed
339 2850 417 2916 ideo
440 2849 505 2913 erit
525 2849 690 2924 offensus,
718 2849 797 2936 quia
820 2871 891 2928 non
912 2846 1086 2914 invenerit
1103 2847 1196 2912 inm·

81 2945 176 3004 tum.
199 2931 256 2996 led
279 2932 360 2998 folia
382 2948 525 2996 tantum.
568 2935 678 2996 Docet
698 2955 753 2996 me
776 2954 855 3019 ergo
877 2936 984 2998 Adam
1006 2951 1093 3020 qnae
1118 2930 1198 2998 [unt

82 3013 185 3088 lolia,
214 3013 273 3102 qui
302 3015 513 3102 posteaquam
540 3014 712 3102 peccavit,
750 3018 792 3080 de
821 3011 913 3081 foliis
945 3014 1003 3080 fici
1032 3011 1092 3082 fibi
1113 3012 1197 3084 fecit

80 3096 323 3171 succinctoria.
359 3097 419 3186 qui
448 3101 488 3164 de
517 3098 683 3164 fructibus
705 3105 775 3180 ejus
796 3097 903 3186 magis
947 3098 1052 3163 uitare
1073 3099 1197 3162 debue·

81 3179 137 3246 rit.
182 3181 288 3248 lulius
312 3181 461 3248 fructum
481 3181 598 3268 eligit,
621 3181 705 3248 iolie'
722 3197 891 3270 peccator.
924 3121 1019 3270 braid
1042 3181 1086 3249 est
1108 3181 1196 3250 fmu-

83 3264 166 3330 tus?
199 3267 349 3342 fructus,
371 3265 485 3354 inquit
505 3266 698 3414 Assostolum
731 3265 867 3354 spiritus
887 3263 1093 3341 estcaritm.
1116 3284 1196 3351 gatt-

83 3347 203 3424 dinm.
226 3371 310 3438 pax.
332 3347 514 3436 patientia.
559 3349 745 3437 enignitas,
769 3347 945 3426 modestia,
968 3347 1194 3422 continentie,

84 3431 234 3500 dilectio.
277 3435 356 3499 Non
379 3435 524 3500 habebat
543 3432 708 3508 fructum,
738 3431 797 3520 qui
819 3432 982 3520 gaudium
1002 3453 1074 3500 uon
1095 3431 1196 3502 habe

84 3515 162 3583 bat:
185 3541 257 3584 non
279 3520 423 3584 babebat
443 3517 564 3593 fidem,
580 3515 647 3604 'qui
670 3515 958 3604 praevaricaturus
974 3531 1043 3582 eret
1057 3517 1195 3582 mande·

86 3611 160 3666 tum
181 3601 266 3669 Deir
294 3624 365 3668 non
386 3603 531 3668 babebat
551 3599 818 3677 continentiam,
850 3599 911 3688 qui
930 3597 1114 3666 interdicto
1134 3595 1196 3664 sabi

84 3683 270 3768 gustaverat
296 3687 403 3774 ligno.
456 3687 547 3773 Ergo
576 3683 771 3774 quicunque
791 3681 1040 3772 praevaricatur
1058 3685 1197 3749 menda·

84 3781 159 3832 tum
180 3767 265 3845 Dei,
287 3770 450 3858 spoliatur
470 3785 570 3918 atque
591 3771 756 3843 nudatur,
779 3784 815 3834 et
833 3767 874 3834 fit
891 3767 963 3864 ipse
983 3765 1042 3834 fibi
1065 3783 1103 3832 tu
1144 3765 1194 3832 ist

83 3851 161 3916 vult
181 3851 215 3916 se
235 3853 366 3942 operire
386 3851 509 3942 quibus
534 3875 588 3918 am
609 3851 700 3918 foliis
721 3852 825 3928 ficus.
846 3852 978 3920 forttffe
992 3849 1114 3939 quibus

84 3932 246 4002 inanibus
274 3938 331 4002 vel
358 3936 596 4004 umbratilibus
622 3935 852 4014 sermonibus,
885 3956 970 4022 quos
999 3957 1076 4002 com
1103 3932 1195 4000 olitis

83 4017 254 4086 mandatis
283 4022 429 4098 alluens,
460 4035 496 4086 et
524 4023 666 4088 uerbum
689 4023 731 4086 de
751 4021 855 4086 verbo
877 4019 1021 4094 struens,
1051 3959 1100 4084 ad
1115 4037 1194 4103 ope·
1323 4023 1330 4044 ¹

83 4101 239 4170 riendrm
262 4104 504 4172 conscientiam
532 4107 611 4172 luae
629 4104 755 4170 mentis
775 4091 924 4194 factique
944 4099 1194 4188 turpitudinem

83 4187 240 4256 velamen
259 4203 417 4278 peccator
436 4187 577 4268 intexit,
613 4203 653 4253 ut
671 4189 831 4278 pudenda
852 4187 910 4266 lua
931 4200 1100 4274 contegat.
1141 4185 1194 4248 lte

715 4306 796 4376 ld*

79 2539 176 2604 pere,
209 2517 401 2586 divinarum
422 2542 485 2586 nos
508 2523 608 2586 docet
