3048 4856
450 267 452 272 ’
532 287 640 366 isser
663 287 818 366 raam.
1162 287 1239 363 rer

120 471 288 538 diametro
308 470 368 540 sibi
390 471 539 542 invicem
561 497 580 542 e
603 473 773 545 contrario
794 475 1018 564 respondentr
1038 476 1235 546 borumita-

119 577 191 656 qne
222 555 397 635 omnium,
428 556 586 624 similium
615 559 693 628 dico
714 575 749 627 et
768 558 993 638 dissimilium,
1022 581 1113 628 unus
1134 577 1236 649 atque

119 643 220 736 idem·
244 639 363 705 artifex
393 630 454 720 est',
486 635 581 720 cuju‘s
613 641 863 730 omnipotentia
884 642 922 708 in
942 643 1072 710 nullius
1094 659 1235 712 naturae

119 723 239 792 defien
260 743 280 790 o
307 723 467 796 eratione.
511 723 658 794 Perinde
677 726 897 826 pulchritudo
918 726 1024 804 totius
1041 726 1242 810 unirerfita·¹

122 806 166 872 tis
197 825 262 870 con
289 825 374 884 itae,
407 806 564 874 similium
595 825 629 874 et
657 809 882 890 drffimilium,
913 809 1060 876 mirabili
1090 814 1253 898 quadarn'

120 889 299 987 harmonia
327 892 506 956 constituta
536 893 596 968 esi,
630 915 671 956 ex
699 893 835 960 diverfis
865 893 1045 980 generibus
1066 894 1236 984 variisque

120 973 259 1070 formis,
281 973 515 1039 differentibus
536 995 672 1064 quoque
691 975 945 1043 substantiarum
958 993 992 1043 et
1006 977 1236 1044 accidentium

120 1059 319 1133 ordinibus,
355 1058 392 1122 in
424 1059 590 1124 unitatem
618 1065 788 1146 quandam
821 1059 1029 1128 ineffabilem
1048 1077 1234 1149 compacta.

120 1143 167 1204 Ut
187 1139 284 1208 enim
307 1141 503 1239 organicum
525 1144 630 1210 melos
651 1167 691 1208 ex
714 1144 849 1210 diverfis
868 1165 994 1210 vocum
1016 1144 1235 1232 qualitatibus

118 1239 154 1322 et
175 1223 421 1310 quantitatibus
442 1224 639 1301 conficitur,
662 1229 744 1294 dnm
762 1227 891 1294 viritim
905 1229 1149 1327 separatimque
1163 1229 1235 1294 sen·

119 1323 256 1378 truatur
274 1309 377 1396 longe
395 1310 455 1374 ase
468 1307 734 1395 discrepantibus
756 1310 960 1377 intentionis
982 1328 1017 1376 et
1035 1309 1236 1378 remiffionir

117 1389 399 1478 proportionibus
429 1393 633 1480 segregatae,
669 1397 751 1458 dum
771 1417 862 1460 ivero
883 1394 944 1460 fibi
964 1394 1114 1462 invicem
1137 1416 1236 1481 coap-

118 1488 236 1540 tantur
264 1476 449 1540 secundum
479 1492 584 1540 certas
612 1477 897 1566 rationabilesque
919 1477 999 1542 artis
1015 1478 1162 1543 Musicae
1184 1498 1240 1552 res

119 1559 217 1644 gulas
238 1560 466 1658 persingulos
489 1575 604 1645 tropos
625 1564 813 1628 naturalem
856 1564 1003 1628 nandam
1017 1560 1234 1630 dulcedinem

118 1643 322 1708 reddentess
361 1659 408 1706 tta
444 1643 667 1716 universitatis
703 1585 904 1720 concordia,
945 1667 985 1710 ex
1017 1642 1151 1710 dirersis
1175 1663 1234 1708 na-

120 1737 217 1821 turae
235 1725 338 1794 nnius
359 1725 662 1801 subdivisionibus,
697 1750 716 1792 a
737 1727 960 1803 seinvicem,
983 1730 1066 1794 dum
1093 1729 1233 1816 singula·

116 1823 203 1874 riter
211 1807 441 1896 inspiciunter,
453 1808 706 1884 disionantibus,
718 1813 811 1888 iuxta
824 1808 1011 1874 conditoris
1026 1808 1233 1874 uniformem

116 1893 332 1960 voluntatem
353 1895 542 1957 coadunata
563 1893 617 1958 esi.
660 1893 722 1956 His
744 1891 859 1977 itaque
881 1891 1054 1968 diffinitis,
1077 1913 1150 1956 non
1172 1891 1234 1956 im·

117 1976 262 2052 merito,
282 1992 325 2042 ‚ut
345 1974 479 2060 inquis,
504 1975 637 2040 diversis
658 1973 907 2060 cogitationum
927 1975 1087 2038 fluctibus
1109 1973 1169 2038 fibi
1180 1972 1233 2038 in·

113 2059 230 2124 ricem
249 2057 502 2130 aduersantibus
525 2053 691 2132 allideris;
729 2057 924 2122 confectum
946 2057 990 2122 esi
1011 2055 1105 2120 enim
1126 2071 1161 2120 et
1180 2054 1233 2120 in·

115 2143 276 2208 eoncusie
299 2139 504 2215 diffinitum,
528 2138 643 2204 omnia
664 2161 750 2226 quae
771 2141 866 2215 sunt,
888 2153 923 2202 et
944 2159 1030 2226 quae
1051 2159 1122 2202 non
1142 2139 1232 2215 sunt,

115 2230 159 2292 ab
180 2247 253 2290 uno
276 2223 429 2288 omniurn
449 2222 622 2309 principio
646 2224 817 2288 confluere
844 2223 910 2286 sive
937 2221 974 2286 in
1007 2219 1233 2318 primordiali·

114 2313 181 2378 bns
203 2307 307 2374 caulis
328 2309 429 2372 semel
452 2322 486 2370 et
506 2300 601 2370 siiuul
621 2305 659 2370 in
681 2308 786 2370 verbo
810 2304 866 2370 dei
887 2303 1068 2390 unigenito
1084 2320 1233 2370 aeterna·

114 2393 196 2458 liter
226 2390 343 2465 factis,
375 2391 443 2454 sive
472 2387 509 2454 in
529 2389 670 2454 materia
689 2387 829 2454 informi
851 2411 892 2452 ex
912 2409 978 2474 qna
999 2387 1232 2474 primordiales

116 2477 237 2542 causae
255 2472 396 2539 visibilis
418 2487 588 2538 creaturae
610 2471 831 2559 apparitionis
856 2473 922 2535 five
951 2493 1012 2556 per
1043 2468 1232 2558 generatio·

113 2582 199 2626 nem
220 2558 408 2623 occasiones
430 2572 655 2654 aeceperunt,
677 2555 802 2622 sivein
826 2553 1000 2622 effectibus
1023 2571 1137 2622 aarum
1159 2551 1232 2650 qni·

114 2645 182 2708 bus
202 2643 350 2706 mundus
372 2639 430 2704 iste
452 2643 491 2704 ab
513 2639 614 2704 initio
637 2660 744 2726 usque
765 2639 920 2704 adfinem
933 2637 1079 2700 naturali
1097 2638 1229 2711 ordine,

114 2725 236 2792 divina
256 2721 437 2810 prudentia
458 2721 664 2787 ministrante
685 2721 866 2808 peragitur.
903 2721 960 2784 Sic
981 2717 1030 2782 ait
1051 2719 1230 2784 dominura

115 2815 221 2875 Pater
247 2830 335 2872 mern
363 2829 462 2892 usqne
496 2810 531 2870 iu
559 2829 609 2872 ma
635 2820 793 2885 operatur
822 2817 857 2868 et
886 2827 946 2883 ego
975 2819 1104 2882 operor.
1163 2801 1232 2862 Sed

118 2893 405 2980 quemadmodum
435 2893 519 2964 haec
546 2887 654 2950 veluti
681 2887 812 2952 sibimet
840 2881 1048 2950 adversantia
1067 2881 1104 2944 in
1126 2899 1232 2944 unam

120 2977 289 3064 quandam
304 2972 551 3060 intelligentiae
569 2971 725 3057 copulam
742 2966 965 3040 conveniunt,
988 2967 1056 3028 hoc
1071 2964 1124 3040 esi,
1149 2981 1232 3108 quo·

120 3061 227 3126 modo
253 3057 368 3122 omnia
395 3055 491 3120 simul
520 3070 555 3118 et
575 3069 710 3118 aeterna
733 3068 767 3116 et
787 3051 875 3115 facta
896 3049 992 3125 sunt,
1028 3067 1099 3110 non
1122 3045 1156 3109 so
1171 3067 1232 3110 um

118 3140 205 3216 tibi,
238 3140 480 3216 verumetiam
502 3135 643 3202 etmihi
665 3131 913 3223 diligentissima
933 3128 1074 3195 rationis
1095 3126 1232 3216 inquisi-

116 3225 215 3292 tione
237 3223 379 3310 dignum
401 3223 463 3286 esic
485 3219 631 3286 videtur.
1023 3287 1026 3294 ,
1308 3219 1312 3226 ’

181 3324 213 3385 7.
246 3311 291 3372 D.
326 3305 478 3403 Dignum
501 3303 658 3390 quidem,
691 3299 755 3366 ha'c
778 3295 869 3362 enim
913 3293 1082 3360 uaestione
1102 3293 1232 3368 nnllam

119 3391 275 3458 altiorem
295 3387 547 3476 inquisitoribus
568 3383 720 3448 veritatis
745 3320 970 3468 quaerendam
993 3377 1056 3442 effe
1077 3377 1231 3441 arbitror.

117 3475 259 3540 Etenim
278 3489 319 3537 ιιι
339 3470 565 3558 praediximus
587 3469 676 3534 facta
694 3464 838 3530 aeternis
854 3476 1094 3552 opponuntur:
1117 3481 1156 3524 ac
1169 3479 1232 3546 per

117 3558 260 3634 hoc,·li
288 3558 393 3632 facta,
421 3576 493 3620 non
521 3555 601 3616 sunt
629 3566 779 3615 aeternat
806 3549 832 3612 fi
855 3563 1007 3623 aeterna,
1036 3564 1110 3608 non
1130 3543 1231 3640 facta.

112 3643 208 3708 Nam
228 3655 269 3704 ut
290 3643 406 3705 eadem
429 3654 463 3704 et
483 3652 618 3702 aeterna
638 3635 734 3707 simul
755 3649 790 3696 et
809 3631 898 3696 sacta
918 3629 999 3705 fint,
1021 3641 1233 3774 quaratrone

120 3724 237 3792 doceri
265 3726 395 3798 valeat,
429 3743 502 3787 non
523 3717 609 3801 mihi
632 3714 790 3784 occurrit.
830 3711 977 3781 Perinde
998 3733 1035 3774 nr
1069 3711 1162 3773 ahud
1181 3731 1233 3774 re·

120 3811 183 3874 stat
209 3823 250 3872 ut
277 3805 410 3872 aestimo
431 3804 494 3870 nisr
514 3819 554 3867 nt
574 3817 634 3866 aut
652 3800 710 3866 ista
731 3795 869 3886 penitus
888 3817 969 3883 prae
989 3792 1096 3858 nimia
1116 3791 1168 3856 sui
1189 3793 1233 3856 al·

119 3891 271 3957 titudine
292 3889 423 3956 silentio
443 3885 707 3959 honorificetur,
748 3896 807 3946 aut
826 3880 851 3944 sr
871 3877 956 3980 quid
974 3876 1038 3942 tibi
1059 3878 1101 3940 de
1124 3897 1163 3940 ea
1182 3873 1236 3942 ri·'

121 3979 221 4040 detur
241 3973 530 4062 investigandum,
560 3968 757 4054 investigare
776 3963 931 4050 incipias.
959 3963 1024 4062 UM.
1044 3961 1164 4024 Utrum
1188 3979 1233 4022 ue

119 4058 209 4124 mihi
236 4059 389 4134 videtur,
420 4071 462 4120 ιιι
481 4069 517 4118 et
538 4055 698 4126 eandem,
730 4063 895 4137 quantum
917 4065 1005 4123 acres
1027 4060 1162 4109 contem
1201 4063 1232 4105 a·

120 4141 228 4208 tionis
260 4141 390 4208 nostrae
421 4141 484 4206 deo
512 4133 728 4203 illuminante
749 4155 790 4198 ex
809 4129 919 4198 nimio
939 4126 1134 4194 subtilitatis
1169 4143 1233 4189 uae

121 4227 256 4314 fulgore
275 4245 349 4292 non
369 4220 562 4310 repellitur,
582 4216 868 4308 investigarenon
881 4212 1008 4303 pigeat,
1028 4229 1075 4278 ne
1089 4205 1233 4279 amalae
