3038 4828
320 231 397 306 266
660 233 715 303 sse
734 231 918 306 vinnom
936 233 1111 308 namus.

318 443 394 485 rum
424 415 601 506 multiplex
621 415 874 506 interpretatio:
905 417 1051 507 proinde
1071 421 1192 485 barum
1213 439 1378 568 aprorum
1399 417 1439 483 in

319 501 433 568 medio
457 501 543 567 dixit
562 507 654 567 Deus
677 503 750 568 fieri
773 505 1039 580 firmamentum,
1062 507 1129 570 hoc
1151 505 1210 578 est,
1257 501 1440 589 mpliciurn

319 590 574 652 Elementorum
603 603 780 659 naturam,
813 609 898 674 quae
927 604 1092 676 quantum
1120 585 1262 651 risibilia
1283 607 1440 674 corpora

319 671 471 757 superat,
496 685 627 734 tantum
649 673 689 734 ab
711 670 934 756 invisibilibus
957 695 1073 738 eorum
1093 670 1282 740 rationibus
1305 669 1342 732 su
1369 691 1442 734 era·

319 769 393 830 tur,
416 770 648 856 quantumque
669 775 688 818 a
710 754 939 841 superioribus
961 755 1119 854 suscipit,
1143 770 1276 818 tantum
1297 693 1442 818 inistis·

318 837 413 902 ribus
454 837 638 912 distriburt,
678 853 843 923 quantum
870 859 953 904 vero
981 842 1021 904 ab
1051 837 1270 903 snserioribus
1299 836 1439 924 recipit,

244 941 246 948 ·
317 937 451 986 tantum
474 920 701 1008 superioribus
723 921 883 998 restituit,
911 923 1069 987 reserens
1092 921 1134 986 iis
1157 942 1258 986 omne
1278 921 1372 1006 quod
1395 923 1438 985 ab

317 1005 361 1070 iis
385 1003 543 1080 defluxit,
566 1024 666 1092 quam
712 1005 889 1104 rophetico
911 1005 1031 1093 spiritu
1050 1005 1222 1093 legislator
1239 1001 1438 1068 admonitus

318 1088 568 1153 firmamentum
590 1109 675 1235 appe
702 1104 789 1172 av1t3
818 1090 976 1172 Abyssum
996 1111 1143 1176 namque
1163 1086 1437 1173 intelligibilium

316 1171 450 1236 ratione
483 1171 581 1258 super
629 1193 647 1236 e
693 1171 849 1236 ositerum
869 1173 965 1237 firma
997 1190 1032 1238 ct
1055 1169 1269 1259 inseparabili
1290 1170 1348 1234 sua
1369 1171 1438 1234 sul·

318 1256 358 1321 sit
383 1256 614 1342 simplicitate:
677 1277 780 1319 uxum
809 1277 895 1321 vero
920 1255 1135 1341 mutabilium
1165 1277 1245 1341 corp
1269 1275 1363 1330 rum,
1402 1269 1437 1318 et

317 1339 464 1405 maxime
497 1339 605 1413 arida,
640 1353 674 1401 et
695 1338 835 1403 humida
857 1338 1017 1426 qualitate
1039 1341 1222 1426 compofito
1265 1361 1316 1414 m,
1352 1339 1453 1427 dum:

318 1421 496 1510 temporali
524 1419 751 1488 viciffitudine
781 1423 996 1488 resolvuntur
1008 1469 1018 1499 ,
1051 1422 1090 1487 in
1119 1422 1261 1509 seipsum
1282 1421 1435 1497 retrahit,

317 1503 1436 1676 ⁵'lt{stt,ltiltslllllllltpttt’still·titillans:

316 1609 444 1740 ionem
475 1687 671 1740 naturarum
703 1671 742 1736 in
770 1672 804 1736 se
833 1671 921 1758 ipsae
946 1687 1169 1760 cognoscunt.
1212 1672 1340 1737 Causae
1360 1670 1435 1758 qui·

319 1755 454 1822 demin
477 1757 660 1832 elementa,
684 1754 905 1820 elementarin
923 1756 1064 1842 corpora
1076 1756 1302 1830 descendunt,
1325 1754 1436 1820 soluta

317 1859 459 1925 corpora
480 1857 541 1924 per
562 1839 728 1902 elementa
747 1837 784 1902 in
808 1839 922 1902 causae
946 1839 1019 1902 suas
1040 1839 1214 1912 refiliunt,
1236 1837 1307 1922 ipsa
1328 1836 1432 1903 etiam

318 1920 592 2092 pprprprpqlippmse
618 1917 1299 2090 iipepipgppugrppppprptffllpqldilrppipspir
1318 1923 1435 2070 viiifx'ii

317 2089 433 2176 itaque
455 2091 548 2172 Deus
561 2050 634 2182 J'iot
680 2101 891 2150 momentum
912 2089 948 2150 s'n
969 2087 1077 2152 medio
1097 2107 1273 2170 aquarum,
1298 2087 1431 2164 boecii,

316 2174 377 2239 fiat
396 2169 546 2238 soliditas
569 2172 650 2257 simp
665 2170 771 2236 icium
793 2171 1037 2234 elementorum
1059 2168 1149 2234 inter
1162 2169 1433 2256 profunditatem

314 2259 487 2322 rationum
509 2255 661 2332 suarum,
684 2270 719 2318 et
739 2253 937 2319 mutabilem
959 2255 1088 2316 fluxum
1109 2273 1290 2338 corpomm
1311 2275 1432 2320 eorun-

255 2389 257 2394 -
317 2343 395 2406 dem
422 2337 588 2403 concursu
610 2338 890 2424 compositorum,
923 2349 958 2399 et
978 2337 1115 2400 dividat
1134 2357 1240 2423 aquas
1260 2337 1303 2400 ob
1323 2342 1431 2438 oqnb,

179 2463 183 2472 ·
314 2427 383 2490 hoc
412 2421 473 2496 est,
515 2441 656 2508 corpora
689 2422 872 2520 composita
899 2417 986 2484 locis
1020 2419 1184 2508 dispersa,
1219 2424 1430 2519 temporibus

314 2503 511 2578 mutabilia,
548 2502 761 2592 generations
787 2519 822 2572 et
841 2501 1054 2590 corruptioni
1073 2502 1245 2568 distributa
1260 2506 1431 2570 dtecernat

316 2611 335 2655 a
356 2585 559 2674 simplicibus
581 2587 770 2652 rationibus
791 2587 945 2657 locorum
974 2601 1233 2674 temporumque
1266 2585 1430 2654 varietate

316 2670 531 2745 carentibus,
566 2669 785 2757 generatione
813 2685 848 2736 et
880 2669 1099 2770 corruptione
1119 2670 1251 2746 liberis,
1272 2669 1430 2738 immuta·

313 2755 376 2823 bili
406 2757 482 2842 lege
512 2753 686 2838 stabilitis3
719 2752 811 2818 inter
841 2753 1088 2840 simplicrtatem
1109 2769 1222 2820 autem
1244 2755 1428 2832 cansarum,

317 2857 352 2906 et
380 2841 624 2904 elementorum
656 2836 732 2903 talis
761 2837 805 2904 eli
826 2837 1031 2915 differentia,
1064 2841 1157 2926 quod
1176 2837 1234 2902 illa
1255 2839 1429 2904 causarum

206 2997 210 3005 ,
339 2922 453 2989 uidem
476 2925 600 3010 absque
620 2923 795 2997 locorum,
818 2935 854 2986 et
872 2937 1064 3010 temporum
1076 2937 1197 2986 natura
1213 2920 1428 3009 intelligitur,

314 2947 374 3074 ila
407 3027 489 3071 vero
520 3005 604 3071 locis
638 3003 847 3092 temporibus
871 3027 915 3070 ue
935 3027 1046 3070 carere
1066 3027 1138 3072 non
1158 3005 1282 3092 potelit
1316 3005 1355 3071 in
1375 3003 1427 3070 eis

315 3091 408 3157 enim
436 3090 650 3166 continetur,
680 3105 714 3155 et
735 3092 828 3176 quod
847 3027 906 3153 iila
927 3087 1087 3154 omnibus
1110 3087 1343 3154 accidentibus
1367 3091 1425 3153 ab·

208 3201 214 3214 ·
313 3176 421 3242 soluta
449 3173 578 3260 semper
611 3174 670 3248 fit,
705 3171 763 3238 isla
784 3171 966 3259 aliquando
988 3171 1177 3237 accidentis
1195 3171 1338 3258 recipit,
1370 3171 1430 3236 ali·

314 3254 792 3406 qffldibdepmit'ffpwit
812 3253 951 3344 quidem
966 3254 1004 3322 in
1024 3254 1280 3334 universalibus,
1303 3254 1340 3321 in
1354 3277 1430 3342 par·

313 3359 341 3408 u
400 3363 448 3404 an
471 3361 511 3402 us
532 3360 639 3403 recrr

376 3439 428 3502 27.
462 3363 670 3488 Generaliter
700 3435 813 3487 autem
834 3421 872 3488 in
895 3420 1053 3488 omnibus
1075 3421 1130 3485 ser
1149 3419 1337 3507 primorum
1358 3419 1429 3486 die·

312 3529 389 3573 rum
410 3505 569 3592 operibus
585 3503 848 3592 intelligendum
862 3505 922 3582 eli,
939 3503 1074 3594 prbicun
1098 3525 1142 3569 ne
1157 3504 1321 3591 scriptura
1337 3525 1428 3572 eom·

312 3605 499 3666 memorat,
529 3589 622 3654 dicit
647 3591 746 3654 Deus
764 3589 838 3683 fiat
856 3593 953 3666 Luc,
977 3588 1051 3679 fiat
1063 3525 1326 3679 immortuus,
1361 3602 1428 3654 etc.

312 3675 350 3739 in
371 3671 510 3761 reliquis
531 3671 650 3738 diebus
669 3672 941 3772 primordialium
962 3673 1135 3738 causmum
1153 3671 1332 3760 specialem
1347 3690 1429 3737 con·

313 3755 480 3838 ditionem
502 3753 697 3844 fignificsn,
719 3777 861 3845 quarum
881 3754 1117 3822 universaliter
1136 3755 1262 3821 orendo
1285 3753 1428 3820 nomine

313 3841 402 3908 coeli
434 3855 469 3906 et
495 3857 602 3906 terrae
631 3840 804 3928 praemissa
826 3840 888 3923 estt
920 3837 1117 3928 ubicunque
1137 3861 1239 3915 vero,
1274 3853 1309 3903 et
1318 3831 1428 3929 sacta

313 3925 364 4017 est
390 3926 469 3998 lux,
499 3939 534 3990 st
552 3919 648 4014 feeit
677 3927 776 3990 Deus
795 3924 1064 4020 firmamentum,
1094 3935 1128 3986 et
1175 3938 1285 3988 actum
1306 3922 1355 4014 ψ
1374 3925 1428 3986 trs

312 4011 497 4075 earundem
552 4005 797 4074 rimordialium
832 4009 1003 4074 causarum
1032 4004 1070 4070 in
1103 4027 1122 4070 e
1149 4022 1244 4072 ectus
1267 4007 1345 4074 suos
1365 4027 1428 4094 per

313 4113 437 4182 genera
466 4107 501 4156 et
527 4031 656 4179 ipecies
685 4090 946 4180 processionem
981 4091 1179 4172 vocavitque
1199 4093 1298 4156 Dans
1309 4090 1427 4186 fima-

311 4191 453 4248 mennam
467 4179 601 4256 carlum,
609 4181 703 4259 juxta
710 4179 883 4246 Romanae
890 4175 1028 4264 linguae
1036 4173 1285 4264 Etymologirm
1295 4175 1428 4242 caelum
