2866 4822
482 217 590 292 mer
606 217 773 302 omma
916 307 918 315 ¹
1080 183 1179 290 'ers

44 422 129 468 noa
151 399 215 488 qui
234 397 276 464 in.
291 402 356 466 bac
375 397 500 468 vitaer
518 399 626 470 tribua
640 399 719 470 latis
734 399 874 476 imilae,
895 413 1038 488 corpore
1055 415 1090 468 et
1105 402 1176 468 aui·

40 507 110 550 ma
136 500 177 549 et
196 478 316 570 spirita
336 504 412 550 com
438 483 511 550 osni
532 485 667 558 sumus,
690 485 726 548 iu
747 483 863 551 futuro
885 484 993 552 veluti
1013 485 1050 550 in
1072 508 1176 552 unam

45 570 236 654 quandam
263 568 396 632 mattam
413 508 600 655 implicem
623 567 897 638 fermentabimur
917 567 954 632 in
976 567 1175 654 inseparabi-

41 653 124 716 lem
164 647 550 748 [pipimalitatemt'qua
580 651 712 718 ratione
739 650 898 720 »homines
925 655 1086 722 ‚mortales
1115 673 1176 738 per

40 752 236 809 naturam,
266 743 384 810 (omne
414 733 507 820 enim
538 739 631 822 quod
659 758 677 800 a
711 734 815 822 seipso
847 756 916 802 non
943 734 1076 821 accepit
1099 736 1174 810 elie,

39 819 203 884 mortale
232 817 371 896 dicitur)
400 817 436 882 in
470 817 693 887 immortalem
722 823 833 884 Deum
863 821 1085 884 mutabuntur
1115 839 1176 904 per

44 900 217 989 gratiam.
263 905 310 966 Ac
338 923 382 966 ne
409 901 544 988 longius
572 902 740 988 praesenti
767 901 905 990 negotio
927 901 1105 966 transitum
1129 901 1176 966 fu·

41 1005 134 1049 cere
172 983 367 1057 videamur,
400 984 578 1072 fiquseris
601 1005 619 1052 a
642 1008 717 1060 me,
750 983 970 1072 qua'ratione
990 988 1083 1071 quod
1103 1005 1175 1050 non

44 1068 98 1132 est
125 1068 315 1132 fecundum
338 1081 512 1143 naturam,
543 1069 600 1134 led
622 1085 906 1144 atrebatarum,
940 1067 1117 1154 expellitur
1137 1067 1174 1134 iu

42 1165 241 1232 naturast
261 1149 436 1214 sustinetur
457 1168 491 1216 et
510 1152 672 1237 punitur.
694 1151 763 1238 ipse
786 1170 904 1218 natura
918 1151 1087 1239 impunita
1102 1173 1175 1238 per·

40 1247 246 1305 manente.
270 1232 497 1320 omnibusque
511 1235 687 1300 contrariis
705 1233 909 1334 paffionibas
924 1235 1057 1310 illaelu;¹
1076 1247 1198 1382 ‹puae-¹·

39 1339 128 1382 ram
163 1337 182 1380 a
212 1331 245 1380 tc
277 1338 341 1402 qua
361 1317 494 1384 ratione
516 1341 553 1382 ea
577 1341 661 1404 quae
684 1335 811 1383 virtute
832 1335 971 1384 naturae
993 1320 1083 1382 excel
1100 1335 1172 1392 unt,
1229 1375 1233 1388 .

44 1399 115 1486 qui
142 1397 232 1462 iutra
255 1398 415 1464 terminos
438 1418 577 1468 naturae
602 1402 821 1471 continentur
841 1401 1073 1489 poffidebunt‚
1108 1403 1174 1466 hoc

42 1483 116 1556 est,
153 1504 227 1569 *qua
260 1482 392 1548 ratione
424 1485 528 1548 lancti
560 1499 594 1548 et
625 1501 766 1550 naturae
785 1487 861 1550 suae
884 1487 968 1552 lines
992 1506 1061 1548 non
1083 1505 1175 1547 exce·

44 1570 167 1638 dent,
190 1581 226 1629 et
245 1587 283 1628 ea
305 1588 390 1652 quae
410 1569 498 1632 ultra
519 1584 673 1632 naturam
695 1570 791 1644 lunt,
816 1572 904 1636 dona
927 1566 1087 1632 videlicet
1103 1587 1172 1652 gra·

47 1649 125 1713 tiae
149 1649 357 1734 suscipient:
381 1651 464 1714 Atii
486 1651 522 1714 in
545 1651 597 1719 his
623 1652 780 1716 omnibus
802 1673 873 1717 non
892 1653 996 1716 solum
1014 1653 1171 1724 humana,

43 1755 178 1796 verum
200 1737 300 1798 etiam
325 1733 475 1822 angelica
490 1733 577 1800 ratio
594 1735 708 1800 deficit
724 1752 758 1800 et
772 1734 1016 1818 intelligendu
1040 1733 1172 1818 patiens

46 1817 143 1890 esto,
184 1831 219 1880 et
238 1815 375 1880 divinae
397 1818 515 1882 virtuti
537 1817 866 1904 incomprehenfibili
887 1819 1000 1882 locum
1024 1820 1065 1881 da
1087 1839 1183 1886 eam-s

45 1921 120 1986 que
146 1899 279 1964 lilentid
301 1901 510 1972 honorificat
534 1901 694 1985 quoniam
718 1905 797 1966 dum
822 1903 862 1964 ad
887 1923 958 1964 eam
975 1899 1172 1985 pervenitur

46 1981 172 2048 omnia
205 1981 291 2044 ratio
321 1981 436 2044 deficit
466 1999 499 2044 et
528 1981 740 2056 intellectus;
782 1999 816 2046 et
845 1983 935 2046 inter
956 1999 1065 2048 cetera
1087 2001 1172 2067 quae

47 2087 199 2132 omnem
220 2064 386 2128 rationem
410 2080 444 2128 et
463 2065 674 2132 intellectum
697 2067 874 2151 superant,
898 2064 1071 2128 humiliter
1092 2083 1171 2128 con·

47 2153 141 2216 cede
161 2147 253 2230 polle
275 2146 348 2210 fieri
371 2145 486 2211 divina
508 2145 722 2232 providentia
747 2147 995 2212 administrante
1024 2169 1061 2210 ea
1085 2167 1171 2244 quae

46 2251 84 2298 et
110 2246 209 2296 extra
231 2247 266 2312 et
286 2225 404 2295 coritra
426 2247 578 2294 naturam
601 2232 698 2303 lunt,
720 2232 846 2295 virtute
868 2246 1006 2294 naturae
1023 2227 1171 2292 sustineri

51 2333 92 2380 et*
109 2316 205 2378 intra
226 2337 300 2378 eam
319 2311 454 2399 puniri.
486 2313 554 2400 ipis
578 2315 705 2400 semper
726 2314 762 2377 in
786 2313 890 2412 seipsa
913 2312 1078 2378 incolumi
1100 2335 1172 2398 per·

55 2403 245 2464 fenerante.
290 2402 331 2460 At
354 2398 374 2458 fi
398 2398 542 2470 dixeris,
566 2398 783 2462 haecomnia
807 2397 942 2462 divinae
964 2395 1099 2458 virtutis
1121 2395 1173 2458 in·
1202 2421 1206 2428 ·

35 2479 252 2554 ,scrutabilia
295 2479 471 2550 miracula,
516 2481 609 2542 omni
638 2495 807 2542 creaturae
835 2478 1029 2540 rationabili
1060 2493 1092 2536 er
1122 2477 1172 2538 in·

55 2565 234 2652 telligibili
259 2584 461 2648 cognoscere
473 2560 672 2645 impoffibile
696 2561 776 2632 effe,
800 2582 858 2623 cur
876 2557 989 2622 omnia
1003 2579 1088 2642 quae
1107 2557 1171 2622 fac·

55 2671 90 2714 tu
126 2653 211 2712 sunt.
237 2662 271 2708 et
292 2649 462 2730 quomodo
486 2647 572 2706 fucta
591 2645 693 2724 lunt;
726 2665 795 2708 non
821 2658 931 2704 tamen
953 2639 988 2702 in
1013 2638 1171 2702 omnibus

57 2739 171 2819 l'upra·
190 2727 423 2813 cognitionem
454 2727 561 2798 fiunt,
596 2741 635 2788 ut
657 2728 698 2788 de
721 2725 768 2788 eis
791 2727 882 2788 nulla
904 2726 1063 2788 reddatur
1085 2723 1171 2786 rutio

54 2839 120 2882 cur
152 2815 240 2876 facta
272 2812 358 2874 lunt.
401 2811 581 2893 Propterea
615 2807 794 2892 liquidem,
828 2807 960 2891 inquis,
991 2803 1104 2868 omnia
1130 2807 1172 2868 de

27 2898 173 2966 -ninito
205 2896 292 2956 faeta
316 2893 410 2964 iant,
447 2897 491 2954 ut'
507 2889 643 2954 divinae
666 2889 826 2952 bonitatis
848 2889 1034 2972 amplitudo
1056 2904 1089 2950 et
1109 2890 1174 2952 lar·

83 2983 151 3045 itas
181 2999 241 3064 per
271 2999 315 3039 ea
341 2999 426 3060 quae
452 2973 556 3049 fecit,
592 2989 626 3036 et
653 2973 879 3038 ostenderetur
911 2986 943 3034 et
969 2973 1170 3034 laudaretur.

55 3005 188 3130 donne
209 3064 276 3124 hoc
297 3063 403 3123 docet.
417 3057 559 3145 psalmus
583 3057 638 3120 ille
655 3055 853 3142 prophetico
873 3053 990 3139 spiritu
1006 3068 1169 3128 cantatus,

59 3151 207 3244 in·quo
232 3143 350 3206 ‘omnis
381 3160 529 3207 ereamra
559 3140 733 3204 invifibilis
768 3155 800 3202 et
829 3135 965 3202 vilibilis
989 3151 1170 3200 creatorem

59 3251 219 3298 omnium
236 3227 373 3290 laudare
391 3229 543 3305 jubeturt
564 3226 721 3290 Laudare
734 3225 914 3292 Dominum
929 3222 971 3282 de
984 3221 1092 3292 coelis,
1106 3235 1169 3284 etc.

63 3321 101 3379 ln
126 3315 224 3392 cujus
247 3311 316 3373 line
335 3309 477 3374 mirabili
502 3307 709 3394 Theologiae
733 3305 890 3370 contuitu
904 3301 1102 3390 apertiffime
1116 3306 1170 3366 da·

62 3417 117 3462 tur
148 3393 319 3480 intelligi,
352 3397 443 3480 quud
473 3391 584 3458 mania
607 3392 642 3456 in
666 3390 871 3477 spiritualem
891 3405 1042 3452 naturam
1065 3407 1172 3450 rever-

63 3483 136 3546 sura
161 3481 274 3542 'sunta'
297 3477 347 3541 lta
379 3475 469 3540 enim
502 3475 733 3542 concluditur:
767 3475 882 3540 Omnis
897 3465 1039 3563 spiritus
1054 3471 1173 3535 laudm

62 3565 253 3630 Domibam
307 3560 341 3626 Si
364 3561 455 3624 enim
477 3561 542 3624 iola
562 3559 652 3622 iratra
672 3555 879 3644 semetipsam
903 3554 1017 3620 divina
1040 3551 1172 3618 bonitas

64 3648 186 3734 quieta·
210 3651 336 3731 absque
357 3646 425 3708 ulla
448 3641 644 3730 operatione
665 3641 905 3728 perseveraret.
940 3658 1009 3704 non
1034 3635 1172 3702 fortaifis

65 3729 174 3795 laudis
202 3731 281 3792 luae
312 3727 519 3792 occafion‘em
538 3727 682 3806 faceram
708 3729 784 3804 iam
804 3741 885 3788 vero
907 3721 942 3786 in
965 3721 1079 3786 omnia
1099 3719 1171 3784 vili·

66 3815 150 3878 bilis
170 3817 205 3874 e't
224 3811 402 3876 insilibilia
424 3810 570 3896 seipsam?
586 3809 851 3882 diffundens‚.et
873 3804 909 3870 in
931 3803 1089 3871 omnibus
1103 3825 1173 3869 om·
1277 3839 1283 3852 =

65 3897 124 3960 nia
162 3886 331 3972 eadllauss
362 3891 597 3960 rationabilem
632 3893 959 3976 intellectualemque
987 3903 1171 3966 creaturam

17 4039 21 4046 .
67 3982 111 4044 ad
143 3977 285 4064 leiplam'
311 3979 582 4066 cognoscendam
610 3991 828 4049 convertens,
873 3991 1057 4038 ceterarum
1091 3987 1171 4064 vero

70 4083 179 4128 rerum
242 4063 357 4126 oleras.
371 4075 411 4142 st,
424 4059 686 4126 innumerabiles
705 4060 724 4122 s
746 4059 833 4124 ecies
853 4053 1046 4122 rationabili
1067 4066 1100 4116 et
1120 4072 1171 4114 an·

71 4145 168 4214 tellau
240 4144 253 4210 i
273 4143 441 4212 oreatuise
461 4143 501 4212 in
519 4142 694 4214 materiem
714 4083 792 4208 diae
804 4141 913 4218 laudis
929 4137 1103 4228 praeliatura
1123 4131 1172 4200 ita
