3048 4856
507 225 617 332 taur
639 191 794 300 aaran.
835 271 838 280 .
945 213 948 220 ’
1129 225 1210 302 eea

94 435 182 500 quae
213 411 428 478 medietatem
459 413 627 509 quandam
656 411 748 478 inter
779 414 910 494 Deum,
944 425 979 480 et
1010 391 1206 486 creaturam

93 497 278 572 obtinent,
312 498 379 562 hoc
401 495 462 570 est,
485 512 575 560 rnter
594 495 686 562 illam
706 493 912 566 ineffabilem
933 493 1206 582 supereffentiali-
1326 545 1330 554 r

93 597 210 662 tateml
221 579 319 665 super
340 601 476 644 ornnem
491 577 719 660 intellectum,
743 595 778 644 et
794 575 999 646 manifestam
1015 581 1207 651 substantia·

93 664 174 728 liter
193 679 363 736 naturam,
395 661 490 748 purie
513 661 635 730 animia
656 663 740 733 cons
761 661 858 728 icuue
881 661 1085 730 descendent
1103 665 1140 732 iu
1160 667 1206 731 es·

94 747 242 813 sentibus
269 747 415 834 ipsarum
443 747 500 821 fit,
534 763 568 810 et
599 685 771 812 maniseie
800 745 837 811 in
871 747 1104 835 Theophaniia
1140 749 1206 818 tui·

93 831 261 918 aperitur;
286 829 419 894 Deinde
439 852 499 914 per
519 829 725 916 multiplices
747 829 929 896 effectuum
943 831 1077 912 format,
1099 855 1207 922 utque

91 917 135 980 ad
157 929 342 980 extremum
360 912 463 978 totiue
484 929 623 980 naturae
646 913 820 990 ordinem,
845 933 913 1000 quo
935 935 1075 1004 corpora
1099 917 1208 984 conti·

91 1015 231 1074 nentur,
249 996 417 1096 procedit,
435 1018 474 1060 ac
495 997 540 1062 stc
561 996 715 1062 ordinate
736 996 772 1062 in
796 995 910 1078 omnia
930 999 1137 1085 proveniens
1159 1001 1207 1070 fa.

93 1081 140 1146 cit
163 1103 298 1156 omnra,
323 1097 357 1144 et
379 1079 417 1143 fit
437 1079 473 1147 in
497 1079 654 1148 omnibus
678 1079 810 1156 omnia,
834 1096 869 1144 et
889 1080 926 1146 in
947 1082 981 1148 se
994 1081 1104 1170 ipsum
1117 1081 1208 1152 redit

91 1187 256 1232 revocans
278 1163 313 1234 iu
337 1165 370 1228 se
392 1161 526 1240 omnia,
551 1179 586 1227 et
606 1167 686 1228 durn
708 1163 745 1227 in
768 1163 926 1228 omnibua
942 1164 1000 1243 fit,
1024 1167 1122 1254 super
1137 1190 1207 1234 om·

89 1249 147 1314 nia
170 1251 235 1313 elle
255 1270 326 1319 nott
349 1245 478 1320 definit,
497 1267 536 1310 ac
560 1249 601 1312 de
621 1245 730 1312 nihilo
753 1247 834 1312 facit
857 1247 982 1322 omnia,
1007 1252 1049 1314 de
1069 1251 1126 1316 sua
1145 1249 1209 1318 sci·

89 1333 173 1398 licet
195 1329 525 1418 superessentialitate
547 1329 705 1414 producit
727 1329 901 1405 essentiae,
936 1334 978 1396 de
999 1333 1208 1419 supervitali·
1301 1374 1303 1380 ‚

91 1433 161 1494 tate
183 1415 288 1487 vitae,
324 1417 368 1478 de
388 1411 779 1499 superintellectualitate
803 1413 995 1480 intellector
1045 1419 1087 1482 de
1108 1440 1208 1506 nega·

90 1500 189 1564 tione
211 1495 364 1563 omnium
386 1518 472 1583 quae
496 1497 584 1570 sunt,
601 1512 637 1560 et
658 1518 744 1588 quae
766 1519 836 1562 non
859 1499 947 1572 sunt,
970 1461 1207 1574 aslirmationee

90 1581 265 1654 omnium,
301 1580 504 1666 quaesunt,
536 1596 570 1643 et
591 1601 677 1677 quae
698 1601 768 1644 non
793 1581 891 1657 sunt;
924 1597 959 1646 et
978 1584 1046 1646 hoc
1066 1583 1207 1650 manife-

90 1665 222 1730 stissime
245 1669 345 1728 docet
367 1661 521 1728 omnium
540 1667 669 1728 redrtua
691 1662 728 1727 in
754 1665 906 1738 causam,
930 1686 970 1728 ex
991 1688 1056 1752 qua
1078 1668 1208 1752 proces·

90 1753 224 1824 serunt,
247 1748 383 1833 quando
405 1745 520 1812 omnia
542 1761 788 1810 convertuntur
807 1739 990 1824 in‘Deum,
1003 1749 1087 1814 ficut
1102 1759 1156 1816 adr
1168 1750 1206 1816 in
1250 1763 1252 1768 “

88 1837 224 1905 lucem,
254 1831 390 1914 quando
412 1828 495 1901 erit,
526 1831 623 1890 Deus
644 1833 754 1892 omnia
775 1833 808 1892 in
828 1831 992 1904 omnibus,
1019 1853 1091 1896 non
1113 1835 1208 1920 quod

90 1917 195 1981 etiam
223 1934 318 1976 nunc
343 1930 414 1976 non
448 1909 487 1972 fit
517 1911 617 1974 Deus
643 1914 754 1976 omnia
783 1915 818 1974 in
838 1913 1001 1990 omnibus,
1035 1914 1092 1979 sed
1114 1917 1208 2004 quod

90 2000 162 2088 post
191 1991 514 2084 praevaricationem
543 1995 711 2058 humanae
731 2009 887 2071 naturae,
922 2011 957 2058 et
979 1997 1207 2081 expulsionem

94 2089 134 2148 de
156 2083 235 2146 sede
256 2075 417 2148 Paradisr,
446 2078 513 2138 hoc
538 2075 599 2150 etl,
633 2077 675 2138 de
698 2074 878 2140 altitudine
899 2076 1081 2162 spiritualia
1103 2081 1206 2159 vitae,

92 2184 190 2236 etex
211 2159 419 2260 cogitatione
441 2155 633 2222 clarislitnae
655 2155 858 2244 sapientiae,
881 2157 918 2227 in
929 2160 1208 2256 ptofundiffimaa
1306 2185 1308 2188 ·

92 2251 305 2336 ignorantiae
328 2243 481 2307 tenebrat
503 2241 671 2316 detrusae,
697 2261 798 2304 nemo
820 2241 881 2306 nist
904 2245 1020 2308 drvrna
1043 2245 1149 2342 gratia
1169 2245 1210 2312 il·
1290 2299 1292 2304 ,

92 2331 298 2402 luminatus,
336 2323 426 2390 etin
451 2323 647 2390 divinorum
668 2323 901 2405 Mysteriorum
923 2324 1104 2392 altitudrno
1128 2351 1208 2398 curu

90 2417 198 2482 Paulo
219 2427 335 2498 raptus
357 2411 528 2495 quomodo
551 2411 632 2472 deus
656 2406 771 2472 omnia
791 2407 827 2474 in
848 2408 1009 2474 omnious
1024 2409 1086 2486 est,
1108 2435 1207 2480 verae

92 2495 340 2598 intelligentiae
368 2491 527 2558 contuitu
552 2491 660 2578 potest
685 2491 873 2638 perspicere
899 2494 998 2591 nulla
1022 2496 1208 2592 carnalium

93 2577 1209 2746 {stitisseltells:stillis:²52ffi0ttlti¹¹t¹t¹sst¹tt

45 2809 49 2822 ,
94 2769 129 2816 et
148 2770 192 2814 ex
212 2741 445 2835 splendoribus
467 2743 644 2829 perspicue
664 2741 817 2808 veritatis
836 2744 1040 2829 reperculsa,
1069 2747 1208 2812 consue·

95 2836 206 2919 titque
233 2825 463 2914 corporalibus
495 2824 623 2890 umbrie
645 2841 825 2900 contenta,
858 2826 1044 2896 nonenim
1068 2831 1208 2896 creden·

95 2922 179 2982 dum
206 2914 249 2978 est
273 2915 314 2976 de
336 2909 530 2976 coelestibua
552 2906 717 2986 essentiis,
751 2929 836 3005 quae
856 2931 1034 3007 nunquam
1053 2927 1209 2978 aeternae

94 2993 316 3066 beatitudinis
348 2994 465 3058 ilatum
501 2993 692 3058 deseruere:
730 2993 822 3056 aliud
844 2991 973 3079 aliquid
993 2991 1030 3058 in
1052 2993 1208 3066 universa

94 3098 243 3149 creatura
271 3092 404 3176 praeter
430 3076 540 3164 ipsum
570 3079 671 3142 deum
699 3095 923 3163 cognoscere,
966 3074 1130 3163 ltquidem
1156 3078 1208 3144 vi·

97 3172 183 3240 deo,
218 3179 252 3228 ct
272 3186 309 3228 ιη
331 3159 607 3247 primordialibua
629 3159 732 3224 cauda
753 3158 852 3256 super
868 3179 1004 3227 omnem
1021 3160 1153 3232 sensum
1174 3176 1210 3232 et

95 3249 308 3316 intellectum
338 3244 452 3309 omnia
479 3242 689 3331 perspiciunt
710 3244 868 3308 omnibue
887 3257 1027 3312 naturae
1049 3245 1208 3332 operibor

96 3337 137 3400 ad
158 3327 430 3418 cognoscendam
454 3327 630 3391 veritatem
652 3346 723 3390 non
746 3323 950 3413 indigentee.
994 3327 1072 3394 Sola
1094 3343 1209 3395 autem

95 3412 259 3484 ineffabili
283 3409 390 3500 gratia
411 3409 538 3476 aeterni
560 3407 700 3474 luminis
722 3409 890 3506 fruentes,
922 3412 965 3475 ad
991 3432 1093 3508 quam
1113 3411 1209 3482 vifio·

96 3523 174 3566 nem
195 3502 377 3564 humanam
400 3509 553 3558 naturam
575 3496 736 3560 reducere
758 3496 823 3556 Det
840 3495 980 3557 verbum
995 3511 1209 3562 rncarnatum

97 3579 285 3656 descendit,
310 3577 415 3666 ipsam
436 3577 530 3664 priua
551 3577 686 3674 lapsam,
710 3597 809 3666 quarn
831 3577 874 3642 ad
893 3575 1069 3663 pristinum
1090 3579 1210 3646 [latum

95 3680 290 3740 revocaret,
313 3661 502 3748 accipient,
526 3663 727 3726 delictorum
749 3661 889 3724 vulnera
903 3661 1032 3736 sanant,
1055 3661 1211 3728 salsarum

94 3747 346 3816 Phantasrarum
367 3749 501 3812 umbrat
519 3743 743 3831 extinguent,
770 3745 886 3810 oculor
902 3744 1027 3810 mentia
1043 3745 1209 3830 aperient,

96 3833 140 3898 sei
168 3833 240 3900 suru
261 3829 298 3896 in
321 3829 479 3900 omnibus
500 3827 572 3904 hie,
596 3826 655 3914 qui
678 3826 775 3914 digni
795 3827 874 3892 sunt
895 3825 954 3892 tali
974 3823 1119 3905 visione,
1141 3849 1210 3902 rna·

95 3857 265 3984 alienant.
307 3917 350 3980 D.
384 3917 476 3982 Haec
507 3915 609 3978 ardua
630 3912 729 3978 valde
751 3911 844 3990 suut,
872 3926 906 3976 et
928 3933 948 3976 a
968 3911 1114 3978 senfibue
1138 3934 1211 3980 cor·
1305 3917 1308 3926 '

96 4000 224 4089 poralia
246 4014 281 4064 et
300 3994 442 4067 visibilia
463 3994 687 4086 cogitantium
708 4010 856 4064 remota:
879 3993 933 4062 hir
951 4015 1054 4072 vero,
1077 3993 1138 4094 qui
1159 3995 1211 4062 su·

95 4107 157 4173 per
185 4081 350 4162 visibilia,
385 4099 419 4150 et
439 4081 645 4172 corporalia,
679 4076 896 4169 spiritualiter
916 4077 952 4146 in
975 4101 1016 4146 co
1066 4078 1211 4148 {nouem

97 4167 250 4244 raritatir
286 4167 490 4244 ascendunt,
526 4162 693 4241 veriffime
727 4178 763 4234 et
798 4161 983 4234 dulclffime
1010 4177 1211 4236 tareacunt.

737 4280 813 4350 lsi‘
