3038 4832
270 221 343 293 124
592 221 649 309 ,θα
669 225 852 302 munna
870 219 1043 298 Nonae.

358 404 482 473 dividit
511 405 626 482 omnia
654 407 812 478 omnibus
839 425 942 498 prout
969 411 1055 486 vult.
1107 413 1228 489 Omne,
1265 405 1385 497 iuquit

302 493 486 576 heologua,
519 490 635 556 ducum
665 497 844 574 optinum
879 508 914 559 et
939 495 973 560 d.
999 515 1036 576 p.
1065 493 1097 570 b.
1116 485 1156 560 e.
1187 496 1222 558 d.
1243 515 1276 560 a.
1298 517 1334 578 p.
1356 495 1381 558 l.
1499 511 1500 518 ¹

234 599 236 608 ’
267 577 335 639 hoc
370 573 434 649 est,
469 589 603 659 epatre
624 575 779 641 omnium
798 579 967 642 bonorum
989 597 1074 664 quae
1094 579 1173 642 lunt
1192 578 1386 642 secundum

266 671 442 730 naturam,
466 670 500 718 et
544 678 607 721 uae
630 658 708 721 lunt
729 659 913 726 seeundum
936 659 1087 750 gratiam.
1120 661 1265 725 Pulchre
1283 657 1385 746 liqui·

188 777 191 782 ·
269 737 497 808 <temtamina
518 677 679 804 iicuntur
700 743 814 808 omnia
836 747 950 818 dona,
985 763 1070 830 quae
1091 765 1133 808 etr
1152 741 1307 830 ingenito
1328 744 1384 832 lu·

164 864 167 868 «
267 822 362 887 ruine
391 843 453 909 per
483 821 637 907 genitum
658 825 774 889 lumen
797 827 1021 902 descendunt,
1056 842 1090 890 et
1110 847 1171 914 per
1191 827 1395 912 procedens·

267 907 406 1004 lumen..
439 920 542 991 prout
571 907 616 970 ell
647 908 812 994 capacitas
834 925 993 984 naturae,
1030 924 1064 974 et
1085 907 1219 994 largitae
1280 906 1379 982 ariae,
1483 957 1489 966 .

270 987 309 1054 iu
338 990 673 1076 uniuscujuacunque
692 991 758 1055 five
779 991 942 1090 generalia
962 993 1028 1057 live
1049 989 1239 1077 lpecialiae
1266 989 1380 1054 entiae
1428 1073 1431 1078 1

248 1071 480 1136 ‘individuam
500 1072 713 1146 substantiam
735 1072 945 1140 dividuntur.
985 1075 1072 1139 Nam
1094 1075 1186 1160 quod
1204 1074 1380 1160 Apostolus

266 1151 375 1219 veluti
404 1153 465 1218 loli
492 1154 625 1218 homini
651 1157 787 1221 videtur
816 1158 946 1238 dicere,
988 1162 1021 1224 0
1046 1161 1140 1223 Ιιοιηο
1169 1158 1252 1242 qaid
1277 1155 1382 1220 habes

266 1239 360 1324 qualit
385 1261 449 1302 non
476 1237 660 1326 accepisti?
688 1239 921 1306 universaliter
948 1240 1041 1305 omni
1062 1255 1233 1305 creaturae
1250 1237 1379 1302 'vifibiti

268 1335 305 1386 et
334 1319 495 1384 iuvifibili
522 1322 630 1407 potell
665 1315 744 1390 dici.
793 1325 895 1388 Nulla
924 1323 1016 1388 enirn
1043 1340 1163 1388 natura
1192 1323 1236 1387 ell
1266 1336 1380 1386 creata

269 1425 356 1490 quae
386 1407 509 1468 habeat
529 1403 612 1491 quid
631 1421 764 1504 praeter
784 1409 877 1506 quod
897 1428 916 1471 a
937 1407 1096 1471 creatrice
1118 1403 1295 1492 acceperit.
1342 1402 1379 1468 Si

269 1485 363 1552 euim
384 1487 446 1562 est,
467 1501 509 1550 ut
552 1487 770 1565 raedrximue,
793 1493 874 1554 ande
895 1489 1026 1584 accepit
1047 1491 1127 1554 effe·
1149 1489 1181 1558 li
1199 1487 1305 1563 vivit,
1326 1486 1380 1550 in·

269 1571 312 1636 de
333 1568 463 1634 viveret
485 1511 646 1656 illeutit,
668 1571 750 1635 inde
770 1571 912 1636 sentirer
937 1537 1273 1646 uratione‘fruitur,
1294 1568 1379 1634 inde

220 1659 227 1672 “
266 1651 371 1718 ratior
392 1655 416 1717 ll
436 1651 621 1739 iutelligit,
643 1653 725 1718 inde
746 1653 961 1720 intellectuat
984 1657 1190 1742 caeteraque
1210 1652 1248 1717 id
1268 1673 1379 1750 genua

265 1735 370 1800 mille.
413 1734 449 1798 si
469 1733 574 1821 igitur
593 1734 645 1800 nil
668 1736 705 1800 in
726 1753 845 1822 natura
865 1761 978 1803 rerum
998 1754 1183 1802 creatarum
1201 1736 1263 1800 elle
1277 1735 1379 1799 antel-

267 1817 401 1916 lipitur,
439 1833 571 1903 praeter
598 1821 690 1904 quod
718 1841 737 1884 a
767 1837 915 1886 creatore
945 1825 1106 1896 donatur,
1145 1817 1295 1903 sequitur
1324 1817 1378 1880 nil

266 1903 362 1971 aliud
380 1902 443 1965 effe
465 1917 666 1976 creaturam,
690 1902 755 1966 five
778 1902 1006 1978 essentialiter,
1029 1903 1097 1965 five
1111 1901 1303 1964 secandum
1323 1920 1378 1963 ao·

266 1981 406 2058 cidens,
428 1982 691 2050 altercationis
713 1989 789 2049 data
811 2002 846 2050 et
869 1989 974 2048 donar
1006 1981 1173 2048 donorum
1194 1997 1307 2045 autem
1328 1979 1379 2044 di·

265 2064 499 2130 stributionem
520 2070 688 2148 quandam
718 2069 807 2150 quast
828 2065 970 2150 Spiritui
990 2066 1114 2130 Sancto
1134 2063 1378 2150 proprietatem

267 2143 455 2233 Theologia
486 2145 631 2210 dedicat.
673 2147 797 2210 Omnia
825 2146 930 2233 igitur
958 2169 1043 2233 quae
1064 2163 1158 2233 pater
1177 2145 1216 2210 in
1237 2146 1309 2212 lilio
1328 2147 1379 2209 fa·

267 2229 336 2305 cit,
375 2226 520 2314 Spiritus
552 2229 694 2294 Sanctus
732 2227 914 2302 distribuit,
954 2243 990 2296 et
1023 2228 1211 2315 unicuique
1239 2228 1377 2314 propria

291 2325 371 2376 rout
395 2312 486 2384 vult,·
517 2309 650 2374 dividit.
693 2311 838 2376 Videsne
868 2311 973 2398 igitur
1017 2315 1164 2376 uomodo
1187 2311 1377 2398 Theologia

214 2413 221 2422 ·
267 2337 405 2478 lugetis
435 2391 571 2484 divinae
599 2393 760 2457 bonitatis
788 2393 974 2458 substantiis
995 2333 1065 2458 qseu
1096 2393 1266 2480 personia,
1299 2394 1375 2458 suaa

261 2474 375 2542 «veluti
397 2474 616 2560 proprietatea
639 2479 716 2539 dare
738 2473 950 2562 intelligitur.
992 2476 1084 2542 Patri
1111 2476 1202 2539 enim
1225 2479 1282 2540 dat
1303 2497 1373 2544 om·

266 2558 325 2625 nia
346 2558 472 2622 facere:
494 2559 601 2622 Verbo
624 2561 680 2622 dat
701 2579 817 2622 omnes
838 2558 875 2622 in
900 2558 972 2644 ipio
999 2557 1248 2634 universaliter,
1272 2559 1394 2624 ellen-¹

269 2641 410 2716 daliter,
444 2637 652 2737 fimpliciter,
683 2639 914 2727 primordialea
935 2634 1047 2706 rerum
1069 2641 1180 2705 caulae
1202 2641 1376 2706 aeternali·

268 2741 321 2790 ter
341 2722 428 2798 fieri:
462 2722 608 2807 Spiritui
625 2725 748 2788 Sancto
772 2725 845 2797 dat.
866 2723 903 2788 in
924 2729 1028 2790 verbo
1050 2724 1152 2788 factae
1174 2723 1211 2788 in
1233 2723 1374 2790 effectur

149 2841 151 2846 2
268 2809 345 2873 luoa
364 2807 582 2871 foecundatae
609 2806 816 2871 distribuere:
837 2809 903 2871 hoc
925 2808 969 2868 est
989 2807 1026 2870 in
1045 2827 1167 2892 genera
1183 2822 1217 2870 et
1234 2807 1372 2891 species,

266 2911 425 2956 numeros
443 2887 746 2972 differentiaeque,
775 2890 842 2952 five
869 2889 1060 2952 coelestium
1088 2904 1122 2952 et
1148 2887 1373 2974 spiritualium

267 2967 478 3038 effantiarum
499 2968 694 3054 corporibus
718 2970 858 3034 omnino
880 2971 1087 3046 carentium
1113 2971 1171 3033 seu
1191 2970 1371 3057 puriffimia

263 3058 286 3136 ¹l
306 3053 563 3148 iritualibueque
584 3051 780 3138 corporibus
798 3073 838 3115 ex
853 3051 1287 3140 catholico-elementorum
1298 3055 1371 3120 fim-

283 3081 419 3202 licitare
436 3135 552 3207 faetre,
577 3134 846 3209 adhaerentium
869 3135 925 3198 feu
942 3135 1143 3200 lensrb'ilium
1159 3139 1258 3216 hujua
1273 3159 1372 3202 mun·

235 3245 239 3262 ¹
266 3163 304 3285 li
337 3216 474 3282 visibilis
513 3215 753 3280 universalium
787 3219 840 3280 vel
868 3216 1121 3302 particularium
1149 3218 1372 3304 separatarum

266 3301 369 3376 locia,
399 3297 605 3384 temporibua
634 3299 831 3374 mobilium,
860 3285 1020 3386 qualitate
1041 3315 1076 3364 et
1096 3301 1284 3386 quantitate
1307 3301 1369 3366 dit-

210 3427 212 3434 ‹
267 3381 460 3450 ferentium.
489 3380 723 3446 Primordialea
747 3381 908 3470 siquidem
929 3384 1058 3459 caulae,
1082 3385 1146 3447 five
1162 3383 1283 3448 vifibili
1303 3386 1369 3450 live

266 3464 428 3533 invisibili
449 3459 608 3549 corpore,
632 3464 1004 3565 qualitatequoqueet
1024 3465 1211 3564 qpantitate
1231 3466 1268 3530 in
1286 3467 1369 3566 [eip-
1499 3503 1500 3508 κ

266 3551 308 3616 [ia
330 3545 469 3614 omnino
491 3567 601 3612 carere
620 3563 692 3612 u'on
713 3545 985 3614 irrauonabrlrter
1000 3571 1074 3636 qure
1089 3549 1297 3636 approbaritt
1319 3573 1370 3615 rn-

267 3630 397 3698 vifibile
418 3645 530 3694 autem
550 3651 671 3716 corpus
693 3629 855 3708 dicimur,
877 3632 1059 3720 {implicem
1081 3653 1120 3696 ac
1140 3653 1200 3720 per
1219 3633 1252 3696 se
1273 3631 1370 3698 intel·

266 3719 389 3782 lectam
417 3714 464 3778 fin
512 3715 623 3780 lorum
652 3716 752 3794 hujua
782 3715 903 3780 mundi
932 3717 1175 3781 elementorum
1202 3715 1370 3781 iubltllen·

267 3797 362 3864 tiam.
406 3798 476 3864 Coe
491 3795 568 3862 estet
589 3817 670 3862 vero
692 3797 858 3874 cilentiae,
887 3798 924 3863 id
946 3799 1006 3874 est,
1028 3821 1070 3863 an
1095 3798 1193 3864 elicae
1213 3797 1369 3876 virtuter,

269 3877 422 3970 quamvis
453 3883 540 3944 ultra
558 3883 652 3946 hunc
670 3884 837 3946 mundum
858 3881 1043 3948 lenlibilem
1078 3903 1139 3947 uae
1158 3896 1299 3948 naturae
1319 3882 1371 3950 iu·

270 3961 469 4031 tellectualia
491 3962 626 4028 ellentia
646 3984 718 4028 non
738 3964 926 4052 incongrue
948 3964 1175 4030 existimentur
1195 3965 1276 4030 eller
1297 3987 1369 4031 non
1394 4017 1402 4034 .
1499 3975 1500 4002 ¹

271 4047 413 4148 omnipo
435 4059 547 4112 tamen
568 4045 729 4146 consultis
749 4049 948 4147 structorum
968 4046 1371 4148 patroniententiielpi.

267 4131 445 4200 ntuahbut
476 4132 674 4222 corpordrue
706 4131 881 4215 iudicandi
902 4131 980 4198 lunt
998 4153 1135 4221 pnvan.
1175 4132 1256 4200 Non
1277 4149 1370 4200 emm
