<?xml version="1.0" encoding="UTF-8"?>
<!DOCTYPE html PUBLIC "-//W3C//DTD XHTML 1.0 Transitional//EN"
    "http://www.w3.org/TR/xhtml1/DTD/xhtml1-transitional.dtd">
<html xmlns="http://www.w3.org/1999/xhtml" xml:lang="en" lang="en">
 <head>
  <title>
</title>
<meta http-equiv="Content-Type" content="text/html;charset=utf-8" />
  <meta name='ocr-system' content='tesseract 3.04.00' />
  <meta name='ocr-capabilities' content='ocr_page ocr_carea ocr_par ocr_line ocrx_word'/>
</head>
<body>
  <div class='ocr_page' id='page_1' title='image "./dedivisionenatu00eriggoog_0263.png"; bbox 0 0 3048 4856; ppageno 0'>
   <div class='ocr_carea' id='block_1_1' title="bbox 259 134 1042 241">
    <p class='ocr_par' dir='ltr' id='par_1_1' title="bbox 259 134 1042 241">
     <span class='ocr_line' id='line_1_1' title="bbox 259 134 1042 241; baseline -0.011 -28"><span class='ocrx_word' id='word_1_1' title='bbox 259 137 335 213; x_wconf 73' lang='lat' dir='ltr'><strong>ato</strong></span> <span class='ocrx_word' id='word_1_2' title='bbox 590 139 645 208; x_wconf 83' lang='lat' dir='ltr'><strong>lle</strong></span> <span class='ocrx_word' id='word_1_3' title='bbox 665 139 848 241; x_wconf 73' lang='lat' dir='ltr'><strong>mvirione</strong></span> <span class='ocrx_word' id='word_1_4' title='bbox 869 134 1042 211; x_wconf 65' lang='lat' dir='ltr'><strong>naneae.</strong></span> 
     </span>
    </p>
   </div>
   <div class='ocr_carea' id='block_1_2' title="bbox 260 322 1387 412">
    <p class='ocr_par' dir='ltr' id='par_1_2' title="bbox 260 322 1387 412">
     <span class='ocr_line' id='line_1_2' title="bbox 260 322 1387 412; baseline -0.003 -22"><span class='ocrx_word' id='word_1_5' title='bbox 260 343 316 404; x_wconf 73' lang='lat' dir='ltr'><strong>tor</strong></span> <span class='ocrx_word' id='word_1_6' title='bbox 337 323 430 390; x_wconf 81' lang='lat' dir='ltr'><strong>enini</strong></span> <span class='ocrx_word' id='word_1_7' title='bbox 450 322 488 389; x_wconf 87' lang='lat' dir='ltr'><strong>in</strong></span> <span class='ocrx_word' id='word_1_8' title='bbox 511 343 565 401; x_wconf 86' lang='lat' dir='ltr'><strong>ea,</strong></span> <span class='ocrx_word' id='word_1_9' title='bbox 594 345 638 390; x_wconf 85' lang='lat' dir='ltr'><strong>err</strong></span> <span class='ocrx_word' id='word_1_10' title='bbox 661 323 784 412; x_wconf 85' lang='lat' dir='ltr'><strong>qnibna</strong></span> <span class='ocrx_word' id='word_1_11' title='bbox 806 323 1082 410; x_wconf 73' lang='lat' dir='ltr'><strong>assumptorum,</strong></span> <span class='ocrx_word' id='word_1_12' title='bbox 1106 343 1171 388; x_wconf 84' lang='lat' dir='ltr'><strong>neo</strong></span> <span class='ocrx_word' id='word_1_13' title='bbox 1191 343 1291 399; x_wconf 86' lang='lat' dir='ltr'><strong>vere,</strong></span> <span class='ocrx_word' id='word_1_14' title='bbox 1313 343 1387 388; x_wconf 86' lang='lat' dir='ltr'><strong>nee</strong></span> 
     </span>
    </p>
   </div>
   <div class='ocr_carea' id='block_1_3' title="bbox 260 405 1492 497">
    <p class='ocr_par' dir='ltr' id='par_1_3' title="bbox 260 405 1492 497">
     <span class='ocr_line' id='line_1_3' title="bbox 260 405 1492 497; baseline -0.006 -21"><span class='ocrx_word' id='word_1_15' title='bbox 260 413 391 497; x_wconf 83' lang='lat' dir='ltr'><strong>semper</strong></span> <span class='ocrx_word' id='word_1_16' title='bbox 416 407 514 487; x_wconf 86' lang='lat' dir='ltr'><strong>lunt,</strong></span> <span class='ocrx_word' id='word_1_17' title='bbox 544 410 681 495; x_wconf 86' lang='lat' dir='ltr'><strong>qnando</strong></span> <span class='ocrx_word' id='word_1_18' title='bbox 714 406 825 481; x_wconf 85' lang='lat' dir='ltr'><strong>omnia</strong></span> <span class='ocrx_word' id='word_1_19' title='bbox 852 407 1032 473; x_wconf 79' lang='lat' dir='ltr'><strong>substantia</strong></span> <span class='ocrx_word' id='word_1_20' title='bbox 1059 409 1100 471; x_wconf 89' lang='lat' dir='ltr'><strong>ab</strong></span> <span class='ocrx_word' id='word_1_21' title='bbox 1123 405 1282 472; x_wconf 73' lang='lat' dir='ltr'><strong>omnibns</strong></span> <span class='ocrx_word' id='word_1_22' title='bbox 1306 427 1386 471; x_wconf 83' lang='lat' dir='ltr'><strong>eor·</strong></span> <span class='ocrx_word' id='word_1_23' title='bbox 1491 485 1492 490; x_wconf 5' lang='grc' dir='ltr'>ἵ</span> 
     </span>
    </p>
   </div>
   <div class='ocr_carea' id='block_1_4' title="bbox 259 489 1396 1248">
    <p class='ocr_par' dir='ltr' id='par_1_4' title="bbox 259 489 1396 1248">
     <span class='ocr_line' id='line_1_4' title="bbox 259 489 1386 582; baseline -0.007 -20"><span class='ocrx_word' id='word_1_24' title='bbox 259 489 479 582; x_wconf 83' lang='lat' dir='ltr'><strong>ruptibilibua</strong></span> <span class='ocrx_word' id='word_1_25' title='bbox 502 491 734 558; x_wconf 74' lang='lat' dir='ltr'><strong>accidentibus</strong></span> <span class='ocrx_word' id='word_1_26' title='bbox 755 489 971 580; x_wconf 71' lang='lat' dir='ltr'><strong>purgabitur,</strong></span> <span class='ocrx_word' id='word_1_27' title='bbox 994 507 1029 555; x_wconf 89' lang='lat' dir='ltr'><strong>et</strong></span> <span class='ocrx_word' id='word_1_28' title='bbox 1051 493 1091 554; x_wconf 89' lang='lat' dir='ltr'><strong>ab</strong></span> <span class='ocrx_word' id='word_1_29' title='bbox 1113 489 1272 558; x_wconf 80' lang='lat' dir='ltr'><strong>omnibns</strong></span> <span class='ocrx_word' id='word_1_30' title='bbox 1292 509 1386 577; x_wconf 86' lang='lat' dir='ltr'><strong>quae</strong></span> 
     </span>
     <span class='ocr_line' id='line_1_5' title="bbox 260 575 1386 664; baseline -0.006 -20"><span class='ocrx_word' id='word_1_31' title='bbox 260 583 303 646; x_wconf 87' lang='lat' dir='ltr'><strong>ad</strong></span> <span class='ocrx_word' id='word_1_32' title='bbox 324 578 444 642; x_wconf 83' lang='lat' dir='ltr'><strong>statum</strong></span> <span class='ocrx_word' id='word_1_33' title='bbox 463 575 541 640; x_wconf 84' lang='lat' dir='ltr'><strong>suae</strong></span> <span class='ocrx_word' id='word_1_34' title='bbox 560 576 717 664; x_wconf 86' lang='lat' dir='ltr'><strong>propriae</strong></span> <span class='ocrx_word' id='word_1_35' title='bbox 737 591 879 640; x_wconf 86' lang='lat' dir='ltr'><strong>naturae</strong></span> <span class='ocrx_word' id='word_1_36' title='bbox 898 597 970 640; x_wconf 92' lang='lat' dir='ltr'><strong>non</strong></span> <span class='ocrx_word' id='word_1_37' title='bbox 988 575 1146 651; x_wconf 81' lang='lat' dir='ltr'><strong>attinent,</strong></span> <span class='ocrx_word' id='word_1_38' title='bbox 1169 575 1386 638; x_wconf 81' lang='lat' dir='ltr'><strong>absolvetnre</strong></span> 
     </span>
     <span class='ocr_line' id='line_1_6' title="bbox 261 655 1396 745; baseline -0.007 -17"><span class='ocrx_word' id='word_1_39' title='bbox 261 661 339 730; x_wconf 81' lang='lat' dir='ltr'><strong>solia</strong></span> <span class='ocrx_word' id='word_1_40' title='bbox 361 659 571 729; x_wconf 75' lang='lat' dir='ltr'><strong>naturalibus</strong></span> <span class='ocrx_word' id='word_1_41' title='bbox 591 658 778 724; x_wconf 73' lang='lat' dir='ltr'><strong>virtutibus</strong></span> <span class='ocrx_word' id='word_1_42' title='bbox 800 662 939 734; x_wconf 83' lang='lat' dir='ltr'><strong>decora,</strong></span> <span class='ocrx_word' id='word_1_43' title='bbox 962 655 1136 722; x_wconf 86' lang='lat' dir='ltr'><strong>insolubili</strong></span> <span class='ocrx_word' id='word_1_44' title='bbox 1154 655 1396 745; x_wconf 81' lang='lat' dir='ltr'><strong>limplicitate,&#39;</strong></span> 
     </span>
     <span class='ocr_line' id='line_1_7' title="bbox 261 742 1386 831; baseline -0.008 -19"><span class='ocrx_word' id='word_1_45' title='bbox 261 761 297 812; x_wconf 86' lang='lat' dir='ltr'><strong>et</strong></span> <span class='ocrx_word' id='word_1_46' title='bbox 324 745 362 810; x_wconf 87' lang='lat' dir='ltr'><strong>irt</strong></span> <span class='ocrx_word' id='word_1_47' title='bbox 391 743 444 808; x_wconf 88' lang='lat' dir='ltr'><strong>hia</strong></span> <span class='ocrx_word' id='word_1_48' title='bbox 476 742 535 831; x_wconf 88' lang='lat' dir='ltr'><strong>qni</strong></span> <span class='ocrx_word' id='word_1_49' title='bbox 565 743 648 808; x_wconf 90' lang='lat' dir='ltr'><strong>boni</strong></span> <span class='ocrx_word' id='word_1_50' title='bbox 680 744 777 819; x_wconf 84' lang='lat' dir='ltr'><strong>sunt,</strong></span> <span class='ocrx_word' id='word_1_51' title='bbox 813 742 912 809; x_wconf 84' lang='lat' dir='ltr'><strong>donia</strong></span> <span class='ocrx_word' id='word_1_52' title='bbox 934 743 1058 829; x_wconf 85' lang='lat' dir='ltr'><strong>gratiae</strong></span> <span class='ocrx_word' id='word_1_53' title='bbox 1084 757 1200 807; x_wconf 85' lang='lat' dir='ltr'><strong>ornata</strong></span> <span class='ocrx_word' id='word_1_54' title='bbox 1223 755 1386 805; x_wconf 80' lang='lat' dir='ltr'><strong>aeternae</strong></span> 
     </span>
     <span class='ocr_line' id='line_1_8' title="bbox 261 824 1390 914; baseline -0.009 -17"><span class='ocrx_word' id='word_1_55' title='bbox 261 825 484 896; x_wconf 75' lang='lat' dir='ltr'><strong>beatitudinis</strong></span> <span class='ocrx_word' id='word_1_56' title='bbox 505 824 872 914; x_wconf 73' lang='lat' dir='ltr'><strong>contemplationibus,</strong></span> <span class='ocrx_word' id='word_1_57' title='bbox 897 827 983 890; x_wconf 90' lang='lat' dir='ltr'><strong>ultra</strong></span> <span class='ocrx_word' id='word_1_58' title='bbox 1005 845 1142 891; x_wconf 88' lang='lat' dir='ltr'><strong>omnem</strong></span> <span class='ocrx_word' id='word_1_59' title='bbox 1164 841 1319 889; x_wconf 87' lang='lat' dir='ltr'><strong>naturam</strong></span> <span class='ocrx_word' id='word_1_60' title='bbox 1348 837 1390 887; x_wconf 82' lang='lat' dir='ltr'><strong>et</strong></span> 
     </span>
     <span class='ocr_line' id='line_1_9' title="bbox 260 909 1388 1009; baseline -0.009 -30"><span class='ocrx_word' id='word_1_61' title='bbox 260 915 354 980; x_wconf 79' lang='lat' dir='ltr'><strong>luam</strong></span> <span class='ocrx_word' id='word_1_62' title='bbox 376 909 579 1000; x_wconf 80' lang='lat' dir='ltr'><strong>glorificata,</strong></span> <span class='ocrx_word' id='word_1_63' title='bbox 617 911 723 1009; x_wconf 82' lang='lat' dir='ltr'><strong>inque</strong></span> <span class='ocrx_word' id='word_1_64' title='bbox 742 910 853 997; x_wconf 75' lang='lat' dir='ltr'><strong>ipsum</strong></span> <span class='ocrx_word' id='word_1_65' title='bbox 874 912 986 972; x_wconf 89' lang='lat' dir='ltr'><strong>Deum</strong></span> <span class='ocrx_word' id='word_1_66' title='bbox 1008 909 1184 984; x_wconf 78' lang='lat' dir='ltr'><strong>conversa,</strong></span> <span class='ocrx_word' id='word_1_67' title='bbox 1218 911 1388 994; x_wconf 80' lang='lat' dir='ltr'><strong>Dauoque</strong></span> 
     </span>
     <span class='ocr_line' id='line_1_10' title="bbox 261 991 1388 1079; baseline -0.009 -15"><span class='ocrx_word' id='word_1_68' title='bbox 261 1019 334 1064; x_wconf 88' lang='lat' dir='ltr'><strong>non</strong></span> <span class='ocrx_word' id='word_1_69' title='bbox 356 1010 492 1071; x_wconf 86' lang='lat' dir='ltr'><strong>natura,</strong></span> <span class='ocrx_word' id='word_1_70' title='bbox 517 995 574 1061; x_wconf 81' lang='lat' dir='ltr'><strong>sed</strong></span> <span class='ocrx_word' id='word_1_71' title='bbox 635 1011 702 1059; x_wconf 83' lang='lat' dir='ltr'><strong>atra</strong></span> <span class='ocrx_word' id='word_1_72' title='bbox 724 993 822 1058; x_wconf 87' lang='lat' dir='ltr'><strong>facta.</strong></span> <span class='ocrx_word' id='word_1_73' title='bbox 867 991 929 1055; x_wconf 82' lang='lat' dir='ltr'><strong>Hie</strong></span> <span class='ocrx_word' id='word_1_74' title='bbox 951 991 1066 1079; x_wconf 88' lang='lat' dir='ltr'><strong>itaque</strong></span> <span class='ocrx_word' id='word_1_75' title='bbox 1087 991 1277 1056; x_wconf 79' lang='lat' dir='ltr'><strong>rationibus</strong></span> <span class='ocrx_word' id='word_1_76' title='bbox 1301 1011 1388 1056; x_wconf 90' lang='lat' dir='ltr'><strong>con·</strong></span> 
     </span>
     <span class='ocr_line' id='line_1_11' title="bbox 262 1072 1388 1166; baseline -0.009 -18"><span class='ocrx_word' id='word_1_77' title='bbox 262 1075 437 1155; x_wconf 75' lang='lat' dir='ltr'><strong>sideratis,</strong></span> <span class='ocrx_word' id='word_1_78' title='bbox 460 1077 535 1166; x_wconf 83' lang='lat' dir='ltr'><strong>quia</strong></span> <span class='ocrx_word' id='word_1_79' title='bbox 554 1077 592 1142; x_wconf 90' lang='lat' dir='ltr'><strong>ni</strong></span> <span class='ocrx_word' id='word_1_80' title='bbox 638 1076 785 1142; x_wconf 85' lang='lat' dir='ltr'><strong>nimium</strong></span> <span class='ocrx_word' id='word_1_81' title='bbox 808 1078 921 1140; x_wconf 84' lang='lat' dir='ltr'><strong>tardus</strong></span> <span class='ocrx_word' id='word_1_82' title='bbox 944 1090 1002 1138; x_wconf 89' lang='lat' dir='ltr'><strong>aut</strong></span> <span class='ocrx_word' id='word_1_83' title='bbox 1022 1075 1169 1139; x_wconf 91' lang='lat' dir='ltr'><strong>nimium</strong></span> <span class='ocrx_word' id='word_1_84' title='bbox 1190 1072 1388 1141; x_wconf 82' lang='lat' dir='ltr'><strong>eontentio·</strong></span> 
     </span>
     <span class='ocr_line' id='line_1_12' title="bbox 262 1158 1387 1248; baseline -0.008 -18"><span class='ocrx_word' id='word_1_85' title='bbox 262 1166 317 1230; x_wconf 80' lang='lat' dir='ltr'><strong>lna</strong></span> <span class='ocrx_word' id='word_1_86' title='bbox 347 1183 421 1228; x_wconf 91' lang='lat' dir='ltr'><strong>non</strong></span> <span class='ocrx_word' id='word_1_87' title='bbox 452 1165 619 1228; x_wconf 87' lang='lat' dir='ltr'><strong>concedat</strong></span> <span class='ocrx_word' id='word_1_88' title='bbox 648 1161 762 1228; x_wconf 87' lang='lat' dir='ltr'><strong>omnia</strong></span> <span class='ocrx_word' id='word_1_89' title='bbox 795 1180 882 1248; x_wconf 84' lang='lat' dir='ltr'><strong>quae</strong></span> <span class='ocrx_word' id='word_1_90' title='bbox 905 1180 946 1222; x_wconf 90' lang='lat' dir='ltr'><strong>ex</strong></span> <span class='ocrx_word' id='word_1_91' title='bbox 966 1161 1040 1223; x_wconf 88' lang='lat' dir='ltr'><strong>Deo</strong></span> <span class='ocrx_word' id='word_1_92' title='bbox 1061 1158 1158 1236; x_wconf 84' lang='lat' dir='ltr'><strong>font,</strong></span> <span class='ocrx_word' id='word_1_93' title='bbox 1192 1173 1387 1224; x_wconf 68' lang='lat' dir='ltr'><strong>coaeterna</strong></span> 
     </span>
    </p>
   </div>
   <div class='ocr_carea' id='block_1_5' title="bbox 261 1244 1388 1415">
    <p class='ocr_par' dir='ltr' id='par_1_5' title="bbox 261 1244 1388 1415">
     <span class='ocr_line' id='line_1_13' title="bbox 261 1244 884 1314; baseline -0.01 0"><span class='ocrx_word' id='word_1_94' title='bbox 261 1247 357 1314; x_wconf 87' lang='lat' dir='ltr'><strong>fimul</strong></span> <span class='ocrx_word' id='word_1_95' title='bbox 378 1245 442 1311; x_wconf 82' lang='lat' dir='ltr'><strong>effe</strong></span> <span class='ocrx_word' id='word_1_96' title='bbox 463 1261 498 1310; x_wconf 86' lang='lat' dir='ltr'><strong>et</strong></span> <span class='ocrx_word' id='word_1_97' title='bbox 518 1244 647 1310; x_wconf 72' lang='lat' dir='ltr'><strong>factal</strong></span> <span class='ocrx_word' id='word_1_98' title='bbox 880 1281 884 1286; x_wconf 90' lang='lat'><em>·</em></span> 
     </span>
     <span class='ocr_line' id='line_1_14' title="bbox 325 1323 1388 1415; baseline -0.01 -19"><span class='ocrx_word' id='word_1_99' title='bbox 325 1331 374 1397; x_wconf 76' lang='grc' dir='ltr'><strong>ιδ.</strong></span> <span class='ocrx_word' id='word_1_100' title='bbox 395 1333 440 1396; x_wconf 84' lang='grc' dir='ltr'><strong>Ι).</strong></span> <span class='ocrx_word' id='word_1_101' title='bbox 462 1331 556 1395; x_wconf 86' lang='lat' dir='ltr'><strong>Haec</strong></span> <span class='ocrx_word' id='word_1_102' title='bbox 575 1325 661 1394; x_wconf 87' lang='lat' dir='ltr'><strong>mihi</strong></span> <span class='ocrx_word' id='word_1_103' title='bbox 683 1349 727 1415; x_wconf 87' lang='lat' dir='ltr'><strong>pe</strong></span> <span class='ocrx_word' id='word_1_104' title='bbox 768 1327 846 1390; x_wconf 91' lang='lat' dir='ltr'><strong>lane</strong></span> <span class='ocrx_word' id='word_1_105' title='bbox 864 1323 956 1388; x_wconf 80' lang='lat' dir='ltr'><strong>[oasa</strong></span> <span class='ocrx_word' id='word_1_106' title='bbox 977 1323 1071 1400; x_wconf 83' lang='lat' dir='ltr'><strong>lunt,</strong></span> <span class='ocrx_word' id='word_1_107' title='bbox 1094 1343 1167 1387; x_wconf 88' lang='lat' dir='ltr'><strong>non</strong></span> <span class='ocrx_word' id='word_1_108' title='bbox 1186 1337 1299 1387; x_wconf 85' lang='lat' dir='ltr'><strong>tamen</strong></span> <span class='ocrx_word' id='word_1_109' title='bbox 1314 1341 1388 1386; x_wconf 89' lang='lat' dir='ltr'><strong>om·</strong></span> 
     </span>
    </p>
   </div>
   <div class='ocr_carea' id='block_1_6' title="bbox 260 1404 1492 2080">
    <p class='ocr_par' dir='ltr' id='par_1_6' title="bbox 260 1404 1492 2080">
     <span class='ocr_line' id='line_1_15' title="bbox 263 1404 1388 1500; baseline -0.01 -21"><span class='ocrx_word' id='word_1_110' title='bbox 263 1411 319 1480; x_wconf 85' lang='lat' dir='ltr'><strong>nio</strong></span> <span class='ocrx_word' id='word_1_111' title='bbox 342 1412 544 1500; x_wconf 70' lang='lat' dir='ltr'><strong>ambiguitas</strong></span> <span class='ocrx_word' id='word_1_112' title='bbox 566 1435 606 1478; x_wconf 86' lang='lat' dir='ltr'><strong>ex</strong></span> <span class='ocrx_word' id='word_1_113' title='bbox 627 1433 682 1476; x_wconf 87' lang='lat' dir='ltr'><strong>me</strong></span> <span class='ocrx_word' id='word_1_114' title='bbox 704 1413 745 1475; x_wconf 86' lang='lat' dir='ltr'><strong>ad</strong></span> <span class='ocrx_word' id='word_1_115' title='bbox 771 1430 815 1473; x_wconf 87' lang='lat' dir='ltr'><strong>uc</strong></span> <span class='ocrx_word' id='word_1_116' title='bbox 834 1406 966 1494; x_wconf 80' lang='lat' dir='ltr'><strong>repulia</strong></span> <span class='ocrx_word' id='word_1_117' title='bbox 988 1408 1050 1472; x_wconf 77' lang='lat' dir='ltr'><strong>est:</strong></span> <span class='ocrx_word' id='word_1_118' title='bbox 1073 1410 1166 1494; x_wconf 89' lang='lat' dir='ltr'><strong>qnod</strong></span> <span class='ocrx_word' id='word_1_119' title='bbox 1187 1405 1279 1471; x_wconf 79' lang='lat' dir='ltr'><strong>enim</strong></span> <span class='ocrx_word' id='word_1_120' title='bbox 1301 1404 1388 1470; x_wconf 85' lang='lat' dir='ltr'><strong>dixi-</strong></span> 
     </span>
     <span class='ocr_line' id='line_1_16' title="bbox 263 1486 1390 1586; baseline -0.009 -24"><span class='ocrx_word' id='word_1_121' title='bbox 263 1495 302 1562; x_wconf 84' lang='lat' dir='ltr'><strong>sti</strong></span> <span class='ocrx_word' id='word_1_122' title='bbox 323 1513 504 1586; x_wconf 87' lang='lat' dir='ltr'><strong>propterea</strong></span> <span class='ocrx_word' id='word_1_123' title='bbox 525 1496 640 1562; x_wconf 84' lang='lat' dir='ltr'><strong>omnia</strong></span> <span class='ocrx_word' id='word_1_124' title='bbox 683 1513 747 1557; x_wconf 90' lang='lat' dir='ltr'><strong>uae</strong></span> <span class='ocrx_word' id='word_1_125' title='bbox 770 1511 810 1556; x_wconf 84' lang='lat' dir='ltr'><strong>ex</strong></span> <span class='ocrx_word' id='word_1_126' title='bbox 833 1497 907 1556; x_wconf 88' lang='lat' dir='ltr'><strong>Deo</strong></span> <span class='ocrx_word' id='word_1_127' title='bbox 929 1493 1007 1555; x_wconf 88' lang='lat' dir='ltr'><strong>lunt</strong></span> <span class='ocrx_word' id='word_1_128' title='bbox 1030 1505 1063 1554; x_wconf 84' lang='lat' dir='ltr'><strong>et</strong></span> <span class='ocrx_word' id='word_1_129' title='bbox 1086 1506 1220 1554; x_wconf 87' lang='lat' dir='ltr'><strong>aeterna</strong></span> <span class='ocrx_word' id='word_1_130' title='bbox 1242 1504 1277 1552; x_wconf 88' lang='lat' dir='ltr'><strong>et</strong></span> <span class='ocrx_word' id='word_1_131' title='bbox 1297 1486 1390 1552; x_wconf 83' lang='lat' dir='ltr'><strong>facta</strong></span> 
     </span>
     <span class='ocr_line' id='line_1_17' title="bbox 263 1569 1388 1722; baseline -0.004 -84"><span class='ocrx_word' id='word_1_132' title='bbox 263 1577 360 1650; x_wconf 86' lang='lat' dir='ltr'><strong>lunt,</strong></span> <span class='ocrx_word' id='word_1_133' title='bbox 381 1585 462 1676; x_wconf 75' lang='lat' dir='ltr'><strong>quio</strong></span> <span class='ocrx_word' id='word_1_134' title='bbox 482 1582 520 1645; x_wconf 69' lang='lat' dir='ltr'><strong>in*</strong></span> <span class='ocrx_word' id='word_1_135' title='bbox 538 1579 640 1646; x_wconf 77' lang='lat' dir='ltr'><strong>verbo</strong></span> <span class='ocrx_word' id='word_1_136' title='bbox 704 1580 735 1640; x_wconf 87' lang='lat' dir='ltr'><strong>ei</strong></span> <span class='ocrx_word' id='word_1_137' title='bbox 755 1591 892 1640; x_wconf 83' lang='lat' dir='ltr'><strong>aeterna</strong></span> <span class='ocrx_word' id='word_1_138' title='bbox 900 1569 1008 1722; x_wconf 58' lang='lat' dir='ltr'><strong>lfim’</strong></span> <span class='ocrx_word' id='word_1_139' title='bbox 1031 1588 1088 1648; x_wconf 86' lang='lat' dir='ltr'><strong>et,</strong></span> <span class='ocrx_word' id='word_1_140' title='bbox 1110 1588 1150 1638; x_wconf 84' lang='lat' dir='ltr'><strong>ut</strong></span> <span class='ocrx_word' id='word_1_141' title='bbox 1172 1572 1221 1638; x_wconf 87' lang='lat' dir='ltr'><strong>ait</strong></span> <span class='ocrx_word' id='word_1_142' title='bbox 1241 1573 1388 1636; x_wconf 76' lang='lat' dir='ltr'><strong>Sanctus</strong></span> 
     </span>
     <span class='ocr_line' id='line_1_18' title="bbox 262 1655 1389 1794; baseline -0.007 -70"><span class='ocrx_word' id='word_1_143' title='bbox 262 1659 488 1743; x_wconf 72' lang='lat' dir='ltr'><strong>Augustanus,</strong></span> <span class='ocrx_word' id='word_1_144' title='bbox 510 1685 575 1730; x_wconf 86' lang='lat' dir='ltr'><strong>non</strong></span> <span class='ocrx_word' id='word_1_145' title='bbox 589 1658 695 1750; x_wconf 74' lang='lat' dir='ltr'><strong>facta</strong></span> <span class='ocrx_word' id='word_1_146' title='bbox 703 1655 899 1794; x_wconf 31' lang='lat' dir='ltr'><strong>{obstantia</strong></span> <span class='ocrx_word' id='word_1_147' title='bbox 913 1665 977 1722; x_wconf 84' lang='lat' dir='ltr'><strong>iter</strong></span> <span class='ocrx_word' id='word_1_148' title='bbox 998 1657 1203 1741; x_wconf 61' lang='lat' dir='ltr'><strong>cremantia,</strong></span> <span class='ocrx_word' id='word_1_149' title='bbox 1223 1669 1389 1738; x_wconf 78' lang='lat' dir='ltr'><strong>tempora-</strong></span> 
     </span>
     <span class='ocr_line' id='line_1_19' title="bbox 265 1731 1492 1828; baseline -0.005 -23"><span class='ocrx_word' id='word_1_150' title='bbox 265 1741 344 1805; x_wconf 84' lang='lat' dir='ltr'><strong>liter</strong></span> <span class='ocrx_word' id='word_1_151' title='bbox 362 1757 443 1806; x_wconf 82' lang='lat' dir='ltr'><strong>vero</strong></span> <span class='ocrx_word' id='word_1_152' title='bbox 489 1755 523 1798; x_wconf 83' lang='lat' dir='ltr'><strong>er</strong></span> <span class='ocrx_word' id='word_1_153' title='bbox 543 1746 714 1819; x_wconf 80' lang='lat' dir='ltr'><strong>generatto</strong></span> <span class='ocrx_word' id='word_1_154' title='bbox 739 1757 787 1796; x_wconf 86' lang='lat' dir='ltr'><strong>ern</strong></span> <span class='ocrx_word' id='word_1_155' title='bbox 810 1745 844 1795; x_wconf 84' lang='lat' dir='ltr'><strong>tn</strong></span> <span class='ocrx_word' id='word_1_156' title='bbox 864 1739 977 1820; x_wconf 71' lang='lat' dir='ltr'><strong>forma</strong></span> <span class='ocrx_word' id='word_1_157' title='bbox 998 1749 1033 1798; x_wconf 85' lang='lat' dir='ltr'><strong>et</strong></span> <span class='ocrx_word' id='word_1_158' title='bbox 1043 1731 1221 1828; x_wconf 79' lang='lat' dir='ltr'><em>speciebus</em></span> <span class='ocrx_word' id='word_1_159' title='bbox 1246 1751 1281 1807; x_wconf 80' lang='lat' dir='ltr'><strong>et</strong></span> <span class='ocrx_word' id='word_1_160' title='bbox 1300 1740 1390 1800; x_wconf 79' lang='lat' dir='ltr'><strong>acci·</strong></span> <span class='ocrx_word' id='word_1_161' title='bbox 1491 1773 1492 1780; x_wconf 35' lang='grc' dir='ltr'><strong>ι</strong></span> 
     </span>
     <span class='ocr_line' id='line_1_20' title="bbox 262 1757 1385 1911; baseline -0.002 -23"><span class='ocrx_word' id='word_1_162' title='bbox 262 1823 416 1888; x_wconf 66' lang='lat' dir='ltr'><strong>tantitas</strong></span> <span class='ocrx_word' id='word_1_163' title='bbox 432 1757 557 1911; x_wconf 57' lang='lat' dir='ltr'><strong>ficta,</strong></span> <span class='ocrx_word' id='word_1_164' title='bbox 581 1812 724 1905; x_wconf 71' lang='lat' dir='ltr'><strong>sublato</strong></span> <span class='ocrx_word' id='word_1_165' title='bbox 751 1821 845 1900; x_wconf 79' lang='lat' dir='ltr'><strong>omni¹</strong></span> <span class='ocrx_word' id='word_1_166' title='bbox 859 1819 1078 1900; x_wconf 76' lang='lat' dir='ltr'><strong>ambiguitate</strong></span> <span class='ocrx_word' id='word_1_167' title='bbox 1092 1843 1153 1904; x_wconf 81' lang='lat' dir='ltr'><strong>per</strong></span> <span class='ocrx_word' id='word_1_168' title='bbox 1167 1823 1282 1903; x_wconf 82' lang='lat' dir='ltr'><strong>picio,·</strong></span> <span class='ocrx_word' id='word_1_169' title='bbox 1322 1841 1385 1886; x_wconf 86' lang='lat' dir='ltr'><strong>uo·</strong></span> 
     </span>
     <span class='ocr_line' id='line_1_21' title="bbox 260 1841 1385 1992; baseline -0.005 -18"><span class='ocrx_word' id='word_1_170' title='bbox 260 1907 356 1974; x_wconf 85' lang='lat' dir='ltr'><strong>niam</strong></span> <span class='ocrx_word' id='word_1_171' title='bbox 383 1923 465 1970; x_wconf 84' lang='lat' dir='ltr'><strong>vero</strong></span> <span class='ocrx_word' id='word_1_172' title='bbox 494 1901 658 1988; x_wconf 76' lang='lat' dir='ltr'><strong>scriptum</strong></span> <span class='ocrx_word' id='word_1_173' title='bbox 687 1900 748 1976; x_wconf 89' lang='lat' dir='ltr'><strong>est,</strong></span> <span class='ocrx_word' id='word_1_174' title='bbox 784 1903 820 1963; x_wconf 89' lang='lat' dir='ltr'><strong>in</strong></span> <span class='ocrx_word' id='word_1_175' title='bbox 845 1907 1014 1984; x_wconf 83' lang='lat' dir='ltr'><strong>principio</strong></span> <span class='ocrx_word' id='word_1_176' title='bbox 1026 1900 1122 1992; x_wconf 78' lang='lat' dir='ltr'><strong>fecit</strong></span> <span class='ocrx_word' id='word_1_177' title='bbox 1184 1929 1240 1970; x_wconf 83' lang='lat' dir='ltr'><strong>ens</strong></span> <span class='ocrx_word' id='word_1_178' title='bbox 1261 1841 1385 1971; x_wconf 54' lang='lat' dir='ltr'><strong>eoelum</strong></span> 
     </span>
     <span class='ocr_line' id='line_1_22' title="bbox 264 1980 1385 2080; baseline -0.004 -23"><span class='ocrx_word' id='word_1_179' title='bbox 264 2005 299 2056; x_wconf 81' lang='lat' dir='ltr'><strong>et</strong></span> <span class='ocrx_word' id='word_1_180' title='bbox 319 2003 460 2060; x_wconf 75' lang='lat' dir='ltr'><strong>terram,</strong></span> <span class='ocrx_word' id='word_1_181' title='bbox 482 1999 518 2050; x_wconf 80' lang='lat' dir='ltr'><strong>et</strong></span> <span class='ocrx_word' id='word_1_182' title='bbox 537 1989 648 2051; x_wconf 85' lang='lat' dir='ltr'><strong>omnia</strong></span> <span class='ocrx_word' id='word_1_183' title='bbox 669 1987 703 2049; x_wconf 86' lang='lat' dir='ltr'><strong>in</strong></span> <span class='ocrx_word' id='word_1_184' title='bbox 714 1980 893 2080; x_wconf 72' lang='lat' dir='ltr'><strong>sapientia</strong></span> <span class='ocrx_word' id='word_1_185' title='bbox 904 1983 984 2076; x_wconf 74' lang='lat' dir='ltr'><strong>jeci</strong></span> <span class='ocrx_word' id='word_1_186' title='bbox 1015 1989 1046 2050; x_wconf 87' lang='lat' dir='ltr'><strong>i:</strong></span> <span class='ocrx_word' id='word_1_187' title='bbox 1070 2008 1174 2074; x_wconf 85' lang='lat' dir='ltr'><strong>cogor</strong></span> <span class='ocrx_word' id='word_1_188' title='bbox 1193 1988 1292 2053; x_wconf 76' lang='lat' dir='ltr'><strong>lateri</strong></span> <span class='ocrx_word' id='word_1_189' title='bbox 1312 2009 1385 2053; x_wconf 86' lang='lat' dir='ltr'><strong>om·</strong></span> 
     </span>
    </p>
   </div>
   <div class='ocr_carea' id='block_1_7' title="bbox 75 2061 1385 2162">
    <p class='ocr_par' dir='ltr' id='par_1_7' title="bbox 75 2061 1385 2162">
     <span class='ocr_line' id='line_1_23' title="bbox 75 2061 1385 2162; baseline 0.001 -26"><span class='ocrx_word' id='word_1_190' title='bbox 75 2155 77 2162; x_wconf 26' lang='lat'><strong>¹</strong></span> <span class='ocrx_word' id='word_1_191' title='bbox 180 2123 182 2128; x_wconf 83' lang='lat'><em>.</em></span> <span class='ocrx_word' id='word_1_192' title='bbox 262 2071 322 2138; x_wconf 88' lang='lat' dir='ltr'><strong>nia</strong></span> <span class='ocrx_word' id='word_1_193' title='bbox 343 2069 381 2134; x_wconf 90' lang='lat' dir='ltr'><strong>in</strong></span> <span class='ocrx_word' id='word_1_194' title='bbox 402 2070 508 2135; x_wconf 84' lang='lat' dir='ltr'><strong>verbo</strong></span> <span class='ocrx_word' id='word_1_195' title='bbox 529 2067 596 2133; x_wconf 85' lang='lat' dir='ltr'><strong>Doi</strong></span> <span class='ocrx_word' id='word_1_196' title='bbox 617 2083 753 2133; x_wconf 85' lang='lat' dir='ltr'><strong>aeterna</strong></span> <span class='ocrx_word' id='word_1_197' title='bbox 775 2061 919 2134; x_wconf 65' lang='lat' dir='ltr'><strong>et&#39;facta</strong></span> <span class='ocrx_word' id='word_1_198' title='bbox 985 2093 1013 2133; x_wconf 85' lang='lat' dir='ltr'><strong>e.</strong></span> <span class='ocrx_word' id='word_1_199' title='bbox 1059 2069 1184 2136; x_wconf 87' lang='lat' dir='ltr'><strong>Omnia</strong></span> <span class='ocrx_word' id='word_1_200' title='bbox 1209 2072 1287 2137; x_wconf 90' lang='lat' dir='ltr'><strong>dico</strong></span> <span class='ocrx_word' id='word_1_201' title='bbox 1309 2071 1385 2136; x_wconf 83' lang='lat' dir='ltr'><strong>vifi-</strong></span> 
     </span>
    </p>
   </div>
   <div class='ocr_carea' id='block_1_8' title="bbox 205 2150 1492 4179">
    <p class='ocr_par' dir='ltr' id='par_1_8' title="bbox 205 2150 1492 4179">
     <span class='ocr_line' id='line_1_24' title="bbox 260 2150 1386 2241; baseline -0.002 -21"><span class='ocrx_word' id='word_1_202' title='bbox 260 2153 345 2220; x_wconf 87' lang='lat' dir='ltr'><strong>bilia</strong></span> <span class='ocrx_word' id='word_1_203' title='bbox 380 2168 415 2216; x_wconf 88' lang='lat' dir='ltr'><strong>et</strong></span> <span class='ocrx_word' id='word_1_204' title='bbox 437 2150 637 2227; x_wconf 85' lang='lat' dir='ltr'><strong>invistbilia,</strong></span> <span class='ocrx_word' id='word_1_205' title='bbox 670 2152 866 2238; x_wconf 88' lang='lat' dir='ltr'><strong>temporalia</strong></span> <span class='ocrx_word' id='word_1_206' title='bbox 890 2167 924 2216; x_wconf 88' lang='lat' dir='ltr'><strong>et</strong></span> <span class='ocrx_word' id='word_1_207' title='bbox 944 2169 1080 2218; x_wconf 88' lang='lat' dir='ltr'><strong>aeterna</strong></span> <span class='ocrx_word' id='word_1_208' title='bbox 1103 2175 1221 2220; x_wconf 80' lang='lat' dir='ltr'><strong>ornnes</strong></span> <span class='ocrx_word' id='word_1_209' title='bbox 1243 2154 1386 2241; x_wconf 86' lang='lat' dir='ltr'><strong>primor-</strong></span> 
     </span>
     <span class='ocr_line' id='line_1_25' title="bbox 263 2234 1384 2326; baseline -0.001 -21"><span class='ocrx_word' id='word_1_210' title='bbox 263 2237 367 2305; x_wconf 79' lang='lat' dir='ltr'><strong>diales</strong></span> <span class='ocrx_word' id='word_1_211' title='bbox 397 2237 512 2301; x_wconf 83' lang='lat' dir='ltr'><strong>caulaa</strong></span> <span class='ocrx_word' id='word_1_212' title='bbox 544 2257 622 2300; x_wconf 89' lang='lat' dir='ltr'><strong>oum</strong></span> <span class='ocrx_word' id='word_1_213' title='bbox 645 2235 803 2300; x_wconf 74' lang='lat' dir='ltr'><strong>omnibus</strong></span> <span class='ocrx_word' id='word_1_214' title='bbox 825 2234 1000 2300; x_wconf 76' lang='lat' dir='ltr'><strong>effectibus</strong></span> <span class='ocrx_word' id='word_1_215' title='bbox 1022 2235 1118 2313; x_wconf 81' lang='lat' dir='ltr'><strong>suia,</strong></span> <span class='ocrx_word' id='word_1_216' title='bbox 1152 2237 1276 2326; x_wconf 66' lang='lat' dir='ltr'><strong>quibita</strong></span> <span class='ocrx_word' id='word_1_217' title='bbox 1299 2241 1384 2304; x_wconf 89' lang='lat' dir='ltr'><strong>ordo</strong></span> 
     </span>
     <span class='ocr_line' id='line_1_26' title="bbox 264 2317 1386 2407; baseline 0 -21"><span class='ocrx_word' id='word_1_218' title='bbox 264 2321 455 2386; x_wconf 82' lang='lat' dir='ltr'><strong>seculorum</strong></span> <span class='ocrx_word' id='word_1_219' title='bbox 476 2317 629 2384; x_wconf 83' lang='lat' dir='ltr'><strong>localiter</strong></span> <span class='ocrx_word' id='word_1_220' title='bbox 651 2333 685 2382; x_wconf 88' lang='lat' dir='ltr'><strong>et</strong></span> <span class='ocrx_word' id='word_1_221' title='bbox 707 2317 936 2404; x_wconf 87' lang='lat' dir='ltr'><strong>temporaliter</strong></span> <span class='ocrx_word' id='word_1_222' title='bbox 984 2320 1148 2407; x_wconf 77' lang='lat' dir='ltr'><strong>eragitur,</strong></span> <span class='ocrx_word' id='word_1_223' title='bbox 1180 2337 1215 2384; x_wconf 90' lang='lat' dir='ltr'><strong>et</strong></span> <span class='ocrx_word' id='word_1_224' title='bbox 1235 2325 1386 2386; x_wconf 77' lang='lat' dir='ltr'><strong>mundun</strong></span> 
     </span>
     <span class='ocr_line' id='line_1_27' title="bbox 260 2343 1385 2501; baseline -0.002 -31"><span class='ocrx_word' id='word_1_225' title='bbox 260 2403 320 2470; x_wconf 79' lang='lat' dir='ltr'><strong>itte</strong></span> <span class='ocrx_word' id='word_1_226' title='bbox 352 2400 493 2468; x_wconf 70' lang='lat' dir='ltr'><strong>visibilia</strong></span> <span class='ocrx_word' id='word_1_227' title='bbox 521 2401 703 2487; x_wconf 86' lang='lat' dir='ltr'><strong>impletur;</strong></span> <span class='ocrx_word' id='word_1_228' title='bbox 738 2402 804 2465; x_wconf 76' lang='lat' dir='ltr'><strong>led&#39;</strong></span> <span class='ocrx_word' id='word_1_229' title='bbox 825 2343 997 2489; x_wconf 56' lang='lat' dir='ltr'><strong>quomogo</strong></span> <span class='ocrx_word' id='word_1_230' title='bbox 1024 2405 1132 2501; x_wconf 75' lang='lat' dir='ltr'><strong>potest</strong></span> <span class='ocrx_word' id='word_1_231' title='bbox 1158 2407 1226 2470; x_wconf 86' lang='lat' dir='ltr'><strong>hoc</strong></span> <span class='ocrx_word' id='word_1_232' title='bbox 1258 2403 1385 2471; x_wconf 86' lang='lat' dir='ltr'><strong>rationi</strong></span> 
     </span>
     <span class='ocr_line' id='line_1_28' title="bbox 262 2484 1386 2583; baseline 0.001 -30"><span class='ocrx_word' id='word_1_233' title='bbox 262 2484 449 2553; x_wconf 80' lang='lat' dir='ltr'><strong>convenire</strong></span> <span class='ocrx_word' id='word_1_234' title='bbox 479 2487 523 2550; x_wconf 87' lang='lat' dir='ltr'><strong>ad</strong></span> <span class='ocrx_word' id='word_1_235' title='bbox 551 2507 674 2570; x_wconf 87' lang='lat' dir='ltr'><strong>purum</strong></span> <span class='ocrx_word' id='word_1_236' title='bbox 704 2505 776 2548; x_wconf 90' lang='lat' dir='ltr'><strong>non</strong></span> <span class='ocrx_word' id='word_1_237' title='bbox 804 2487 901 2550; x_wconf 82' lang='lat' dir='ltr'><strong>valeo</strong></span> <span class='ocrx_word' id='word_1_238' title='bbox 922 2487 1121 2583; x_wconf 77' lang='lat' dir='ltr'><strong>perspicere.</strong></span> <span class='ocrx_word' id='word_1_239' title='bbox 1164 2490 1212 2553; x_wconf 89' lang='lat' dir='ltr'><strong>M.</strong></span> <span class='ocrx_word' id='word_1_240' title='bbox 1235 2491 1386 2556; x_wconf 76' lang='lat' dir='ltr'><strong>Putasne</strong></span> 
     </span>
     <span class='ocr_line' id='line_1_29' title="bbox 261 2567 1385 2658; baseline 0.001 -23"><span class='ocrx_word' id='word_1_241' title='bbox 261 2569 368 2658; x_wconf 84' lang='lat' dir='ltr'><strong>igitur</strong></span> <span class='ocrx_word' id='word_1_242' title='bbox 388 2590 445 2634; x_wconf 86' lang='lat' dir='ltr'><strong>me</strong></span> <span class='ocrx_word' id='word_1_243' title='bbox 466 2572 589 2634; x_wconf 84' lang='lat' dir='ltr'><strong>docere</strong></span> <span class='ocrx_word' id='word_1_244' title='bbox 607 2567 749 2632; x_wconf 80' lang='lat' dir='ltr'><strong>voluisse</strong></span> <span class='ocrx_word' id='word_1_245' title='bbox 767 2567 902 2643; x_wconf 90' lang='lat' dir='ltr'><strong>omnia,</strong></span> <span class='ocrx_word' id='word_1_246' title='bbox 925 2593 962 2632; x_wconf 85' lang='grc' dir='ltr'><strong>ιιι</strong></span> <span class='ocrx_word' id='word_1_247' title='bbox 978 2587 1143 2657; x_wconf 84' lang='lat' dir='ltr'><strong>quantum</strong></span> <span class='ocrx_word' id='word_1_248' title='bbox 1158 2587 1293 2636; x_wconf 84' lang='lat' dir='ltr'><strong>aeterna</strong></span> <span class='ocrx_word' id='word_1_249' title='bbox 1305 2573 1385 2636; x_wconf 84' lang='lat' dir='ltr'><strong>lunt</strong></span> 
     </span>
     <span class='ocr_line' id='line_1_30' title="bbox 262 2651 1384 2742; baseline 0.002 -24"><span class='ocrx_word' id='word_1_250' title='bbox 262 2653 301 2719; x_wconf 89' lang='lat' dir='ltr'><strong>in</strong></span> <span class='ocrx_word' id='word_1_251' title='bbox 329 2656 436 2718; x_wconf 86' lang='lat' dir='ltr'><strong>verbo</strong></span> <span class='ocrx_word' id='word_1_252' title='bbox 463 2651 530 2718; x_wconf 87' lang='lat' dir='ltr'><strong>Dei</strong></span> <span class='ocrx_word' id='word_1_253' title='bbox 559 2651 740 2740; x_wconf 85' lang='lat' dir='ltr'><strong>unigenito</strong></span> <span class='ocrx_word' id='word_1_254' title='bbox 769 2667 903 2716; x_wconf 86' lang='lat' dir='ltr'><strong>aeterna</strong></span> <span class='ocrx_word' id='word_1_255' title='bbox 931 2653 1013 2729; x_wconf 82' lang='lat' dir='ltr'><strong>effe,</strong></span> <span class='ocrx_word' id='word_1_256' title='bbox 1048 2653 1085 2718; x_wconf 91' lang='lat' dir='ltr'><strong>in</strong></span> <span class='ocrx_word' id='word_1_257' title='bbox 1115 2669 1279 2742; x_wconf 81' lang='lat' dir='ltr'><strong>quantum</strong></span> <span class='ocrx_word' id='word_1_258' title='bbox 1302 2675 1384 2720; x_wconf 84' lang='lat' dir='ltr'><strong>vero</strong></span> 
     </span>
     <span class='ocr_line' id='line_1_31' title="bbox 263 2735 1384 2804; baseline 0.002 -2"><span class='ocrx_word' id='word_1_259' title='bbox 263 2738 352 2802; x_wconf 84' lang='lat' dir='ltr'><strong>faeta</strong></span> <span class='ocrx_word' id='word_1_260' title='bbox 383 2737 462 2802; x_wconf 77' lang='lat' dir='ltr'><strong>[rint</strong></span> <span class='ocrx_word' id='word_1_261' title='bbox 492 2751 584 2802; x_wconf 87' lang='lat' dir='ltr'><strong>extra</strong></span> <span class='ocrx_word' id='word_1_262' title='bbox 611 2737 753 2800; x_wconf 87' lang='lat' dir='ltr'><strong>verbum</strong></span> <span class='ocrx_word' id='word_1_263' title='bbox 777 2735 866 2802; x_wconf 80' lang='lat' dir='ltr'><strong>facta</strong></span> <span class='ocrx_word' id='word_1_264' title='bbox 897 2736 988 2802; x_wconf 71' lang='lat' dir='ltr'><strong>elle?</strong></span> <span class='ocrx_word' id='word_1_265' title='bbox 1019 2739 1099 2804; x_wconf 86' lang='lat' dir='ltr'><strong>Non</strong></span> <span class='ocrx_word' id='word_1_266' title='bbox 1122 2737 1214 2803; x_wconf 87' lang='lat' dir='ltr'><strong>enim</strong></span> <span class='ocrx_word' id='word_1_267' title='bbox 1236 2738 1384 2804; x_wconf 78' lang='lat' dir='ltr'><strong>aestimat</strong></span> 
     </span>
     <span class='ocr_line' id='line_1_32' title="bbox 265 2819 1383 2898; baseline 0 -11"><span class='ocrx_word' id='word_1_268' title='bbox 265 2819 457 2887; x_wconf 74' lang='lat' dir='ltr'><strong>rationibus</strong></span> <span class='ocrx_word' id='word_1_269' title='bbox 488 2819 641 2898; x_wconf 76' lang='lat' dir='ltr'><strong>veritatis</strong></span> <span class='ocrx_word' id='word_1_270' title='bbox 664 2819 847 2884; x_wconf 86' lang='lat' dir='ltr'><strong>convenire</strong></span> <span class='ocrx_word' id='word_1_271' title='bbox 875 2819 1126 2886; x_wconf 85' lang='lat' dir='ltr'><strong>univerfitatern</strong></span> <span class='ocrx_word' id='word_1_272' title='bbox 1146 2822 1306 2888; x_wconf 87' lang='lat' dir='ltr'><strong>conditae</strong></span> <span class='ocrx_word' id='word_1_273' title='bbox 1327 2841 1383 2887; x_wconf 90' lang='lat' dir='ltr'><strong>na·</strong></span> 
     </span>
     <span class='ocr_line' id='line_1_33' title="bbox 262 2903 1381 2971; baseline 0 -2"><span class='ocrx_word' id='word_1_274' title='bbox 262 2916 358 2970; x_wconf 84' lang='lat' dir='ltr'><strong>turae</strong></span> <span class='ocrx_word' id='word_1_275' title='bbox 378 2903 415 2969; x_wconf 88' lang='lat' dir='ltr'><strong>in</strong></span> <span class='ocrx_word' id='word_1_276' title='bbox 436 2907 541 2970; x_wconf 84' lang='lat' dir='ltr'><strong>verbo</strong></span> <span class='ocrx_word' id='word_1_277' title='bbox 564 2919 598 2968; x_wconf 87' lang='lat' dir='ltr'><strong>et</strong></span> <span class='ocrx_word' id='word_1_278' title='bbox 617 2918 787 2967; x_wconf 88' lang='lat' dir='ltr'><strong>aeternam</strong></span> <span class='ocrx_word' id='word_1_279' title='bbox 808 2903 902 2968; x_wconf 88' lang='lat' dir='ltr'><strong>fimnl</strong></span> <span class='ocrx_word' id='word_1_280' title='bbox 924 2919 958 2966; x_wconf 88' lang='lat' dir='ltr'><strong>et</strong></span> <span class='ocrx_word' id='word_1_281' title='bbox 978 2903 1110 2970; x_wconf 87' lang='lat' dir='ltr'><strong>factam.</strong></span> <span class='ocrx_word' id='word_1_282' title='bbox 1162 2910 1204 2970; x_wconf 91' lang='lat' dir='ltr'><strong>D.</strong></span> <span class='ocrx_word' id='word_1_283' title='bbox 1228 2909 1306 2971; x_wconf 90' lang='lat' dir='ltr'><strong>Non</strong></span> <span class='ocrx_word' id='word_1_284' title='bbox 1344 2929 1381 2969; x_wconf 90' lang='lat' dir='ltr'><strong>u·</strong></span> 
     </span>
     <span class='ocr_line' id='line_1_34' title="bbox 263 2985 1380 3076; baseline 0.001 -23"><span class='ocrx_word' id='word_1_285' title='bbox 263 2991 376 3054; x_wconf 88' lang='lat' dir='ltr'><strong>tabam</strong></span> <span class='ocrx_word' id='word_1_286' title='bbox 397 3003 432 3052; x_wconf 85' lang='lat' dir='ltr'><strong>te</strong></span> <span class='ocrx_word' id='word_1_287' title='bbox 452 2987 497 3054; x_wconf 84' lang='lat' dir='ltr'><strong>lic</strong></span> <span class='ocrx_word' id='word_1_288' title='bbox 518 2987 684 3062; x_wconf 86' lang='lat' dir='ltr'><strong>docuille‚</strong></span> <span class='ocrx_word' id='word_1_289' title='bbox 709 3007 782 3050; x_wconf 91' lang='lat' dir='ltr'><strong>non</strong></span> <span class='ocrx_word' id='word_1_290' title='bbox 803 2985 895 3051; x_wconf 86' lang='lat' dir='ltr'><strong>enirn</strong></span> <span class='ocrx_word' id='word_1_291' title='bbox 917 2986 1051 3053; x_wconf 79' lang='lat' dir='ltr'><strong>aestimo</strong></span> <span class='ocrx_word' id='word_1_292' title='bbox 1072 2989 1181 3053; x_wconf 83' lang='lat' dir='ltr'><strong>ullum</strong></span> <span class='ocrx_word' id='word_1_293' title='bbox 1200 3007 1327 3076; x_wconf 85' lang='lat' dir='ltr'><strong>reetep</strong></span> <span class='ocrx_word' id='word_1_294' title='bbox 1354 2987 1380 3053; x_wconf 90' lang='lat' dir='ltr'><strong>i·</strong></span> 
     </span>
     <span class='ocr_line' id='line_1_35' title="bbox 263 3068 1382 3216; baseline 0.001 -80"><span class='ocrx_word' id='word_1_295' title='bbox 263 3071 517 3161; x_wconf 85' lang='lat' dir='ltr'><strong>lolophantium</strong></span> <span class='ocrx_word' id='word_1_296' title='bbox 543 3084 672 3216; x_wconf 43' lang='lat' dir='ltr'><strong>futare</strong></span> <span class='ocrx_word' id='word_1_297' title='bbox 692 3068 798 3134; x_wconf 81' lang='lat' dir='ltr'><strong>totiut</strong></span> <span class='ocrx_word' id='word_1_298' title='bbox 818 3069 1043 3136; x_wconf 82' lang='lat' dir='ltr'><strong>univerfitatio</strong></span> <span class='ocrx_word' id='word_1_299' title='bbox 1066 3086 1197 3158; x_wconf 86' lang='lat' dir='ltr'><strong>partem</strong></span> <span class='ocrx_word' id='word_1_300' title='bbox 1217 3072 1255 3138; x_wconf 89' lang='lat' dir='ltr'><strong>in</strong></span> <span class='ocrx_word' id='word_1_301' title='bbox 1276 3076 1382 3138; x_wconf 83' lang='lat' dir='ltr'><strong>verbo</strong></span> 
     </span>
     <span class='ocr_line' id='line_1_36' title="bbox 263 3153 1385 3244; baseline -0.001 -24"><span class='ocrx_word' id='word_1_302' title='bbox 263 3155 330 3220; x_wconf 85' lang='lat' dir='ltr'><strong>Dei</strong></span> <span class='ocrx_word' id='word_1_303' title='bbox 352 3170 523 3220; x_wconf 84' lang='lat' dir='ltr'><strong>aeternam</strong></span> <span class='ocrx_word' id='word_1_304' title='bbox 558 3153 726 3229; x_wconf 84' lang='lat' dir='ltr'><strong>ubfistere,</strong></span> <span class='ocrx_word' id='word_1_305' title='bbox 766 3169 895 3239; x_wconf 84' lang='lat' dir='ltr'><strong>partem</strong></span> <span class='ocrx_word' id='word_1_306' title='bbox 918 3171 1009 3218; x_wconf 85' lang='lat' dir='ltr'><strong>extra</strong></span> <span class='ocrx_word' id='word_1_307' title='bbox 1030 3158 1171 3220; x_wconf 86' lang='lat' dir='ltr'><strong>verbnm</strong></span> <span class='ocrx_word' id='word_1_308' title='bbox 1192 3155 1385 3244; x_wconf 86' lang='lat' dir='ltr'><strong>temporali-</strong></span> 
     </span>
     <span class='ocr_line' id='line_1_37' title="bbox 264 3236 1384 3326; baseline 0.001 -22"><span class='ocrx_word' id='word_1_309' title='bbox 264 3255 316 3306; x_wconf 84' lang='lat' dir='ltr'><strong>tet·</strong></span> <span class='ocrx_word' id='word_1_310' title='bbox 350 3239 485 3306; x_wconf 85' lang='lat' dir='ltr'><strong>factam.</strong></span> <span class='ocrx_word' id='word_1_311' title='bbox 543 3238 630 3301; x_wconf 85' lang='lat' dir='ltr'><strong>Nam</strong></span> <span class='ocrx_word' id='word_1_312' title='bbox 661 3257 773 3323; x_wconf 85' lang='lat' dir='ltr'><strong>neque</strong></span> <span class='ocrx_word' id='word_1_313' title='bbox 803 3236 882 3301; x_wconf 83' lang='lat' dir='ltr'><strong>finit</strong></span> <span class='ocrx_word' id='word_1_314' title='bbox 911 3257 974 3302; x_wconf 82' lang='lat' dir='ltr'><strong>noa</strong></span> <span class='ocrx_word' id='word_1_315' title='bbox 1006 3237 1085 3302; x_wconf 88' lang='lat' dir='ltr'><strong>talia</strong></span> <span class='ocrx_word' id='word_1_316' title='bbox 1113 3238 1263 3326; x_wconf 83' lang='lat' dir='ltr'><strong>cogitare</strong></span> <span class='ocrx_word' id='word_1_317' title='bbox 1294 3241 1384 3305; x_wconf 75' lang='lat' dir='ltr'><strong>sacra</strong></span> 
     </span>
     <span class='ocr_line' id='line_1_38' title="bbox 265 3317 1384 3414; baseline -0.001 -27"><span class='ocrx_word' id='word_1_318' title='bbox 265 3321 468 3409; x_wconf 83' lang='lat' dir='ltr'><strong>Scriptura&#39;‚·</strong></span> <span class='ocrx_word' id='word_1_319' title='bbox 491 3341 577 3408; x_wconf 83' lang='lat' dir='ltr'><strong>quae</strong></span> <span class='ocrx_word' id='word_1_320' title='bbox 599 3319 684 3385; x_wconf 85' lang='lat' dir='ltr'><strong>dicit</strong></span> <span class='ocrx_word' id='word_1_321' title='bbox 704 3318 741 3382; x_wconf 90' lang='lat' dir='ltr'><strong>in</strong></span> <span class='ocrx_word' id='word_1_322' title='bbox 762 3321 910 3395; x_wconf 82' lang='lat' dir='ltr'><strong>Psalmo,</strong></span> <span class='ocrx_word' id='word_1_323' title='bbox 944 3325 1065 3389; x_wconf 83' lang='lat' dir='ltr'><strong>Omnia</strong></span> <span class='ocrx_word' id='word_1_324' title='bbox 1085 3325 1120 3385; x_wconf 86' lang='lat' dir='ltr'><strong>t&#39;tt</strong></span> <span class='ocrx_word' id='word_1_325' title='bbox 1130 3323 1310 3412; x_wconf 69' lang='lat' dir='ltr'><strong>jopientt&#39;o</strong></span> <span class='ocrx_word' id='word_1_326' title='bbox 1322 3317 1384 3414; x_wconf 77' lang='lat' dir='ltr'><strong>sa·</strong></span> 
     </span>
     <span class='ocr_line' id='line_1_39' title="bbox 264 3401 1492 3496; baseline 0.002 -26"><span class='ocrx_word' id='word_1_327' title='bbox 264 3406 350 3492; x_wconf 80' lang='lat' dir='ltr'><strong>cisti.</strong></span> <span class='ocrx_word' id='word_1_328' title='bbox 390 3409 434 3470; x_wconf 89' lang='lat' dir='ltr'><strong>ln</strong></span> <span class='ocrx_word' id='word_1_329' title='bbox 461 3403 599 3480; x_wconf 85' lang='lat' dir='ltr'><strong>Genest,</strong></span> <span class='ocrx_word' id='word_1_330' title='bbox 629 3409 672 3468; x_wconf 87' lang='lat' dir='ltr'><strong>In</strong></span> <span class='ocrx_word' id='word_1_331' title='bbox 704 3407 873 3488; x_wconf 78' lang='lat' dir='ltr'><strong>principio</strong></span> <span class='ocrx_word' id='word_1_332' title='bbox 883 3401 980 3496; x_wconf 79' lang='lat' dir='ltr'><strong>fecit</strong></span> <span class='ocrx_word' id='word_1_333' title='bbox 998 3408 1098 3470; x_wconf 85' lang='lat' dir='ltr'><strong>Deus</strong></span> <span class='ocrx_word' id='word_1_334' title='bbox 1117 3409 1241 3471; x_wconf 81' lang='lat' dir='ltr'><strong>coelum</strong></span> <span class='ocrx_word' id='word_1_335' title='bbox 1264 3403 1298 3472; x_wconf 69' lang='grc' dir='ltr'><strong>ἐι</strong></span> <span class='ocrx_word' id='word_1_336' title='bbox 1319 3423 1384 3472; x_wconf 77' lang='lat' dir='ltr'><strong>tn·-</strong></span> <span class='ocrx_word' id='word_1_337' title='bbox 1491 3447 1492 3450; x_wconf 61' lang='lat'><em>=</em></span> 
     </span>
     <span class='ocr_line' id='line_1_40' title="bbox 264 3487 1383 3578; baseline 0.002 -24"><span class='ocrx_word' id='word_1_338' title='bbox 264 3511 344 3556; x_wconf 85' lang='lat' dir='ltr'><strong>rom.</strong></span> <span class='ocrx_word' id='word_1_339' title='bbox 387 3489 562 3576; x_wconf 78' lang='lat' dir='ltr'><strong>Apostolua</strong></span> <span class='ocrx_word' id='word_1_340' title='bbox 592 3487 630 3552; x_wconf 90' lang='lat' dir='ltr'><strong>in</strong></span> <span class='ocrx_word' id='word_1_341' title='bbox 660 3507 728 3575; x_wconf 88' lang='lat' dir='ltr'><strong>quo</strong></span> <span class='ocrx_word' id='word_1_342' title='bbox 756 3487 888 3575; x_wconf 89' lang='lat' dir='ltr'><strong>inquit,</strong></span> <span class='ocrx_word' id='word_1_343' title='bbox 925 3505 1040 3555; x_wconf 84' lang='lat' dir='ltr'><strong>creato</strong></span> <span class='ocrx_word' id='word_1_344' title='bbox 1084 3505 1146 3555; x_wconf 80' lang='lat' dir='ltr'><strong>tent</strong></span> <span class='ocrx_word' id='word_1_345' title='bbox 1166 3495 1276 3557; x_wconf 83' lang='lat' dir='ltr'><strong>omnio</strong></span> <span class='ocrx_word' id='word_1_346' title='bbox 1297 3515 1383 3578; x_wconf 79' lang='lat' dir='ltr'><strong>qaae</strong></span> 
     </span>
     <span class='ocr_line' id='line_1_41' title="bbox 252 3569 1383 3666; baseline 0.003 -28"><span class='ocrx_word' id='word_1_347' title='bbox 252 3572 340 3664; x_wconf 80' lang='lat' dir='ltr'><strong>sunt</strong></span> <span class='ocrx_word' id='word_1_348' title='bbox 360 3573 514 3640; x_wconf 78' lang='lat' dir='ltr'><strong>incaelis</strong></span> <span class='ocrx_word' id='word_1_349' title='bbox 535 3584 570 3635; x_wconf 84' lang='lat' dir='ltr'><strong>et</strong></span> <span class='ocrx_word' id='word_1_350' title='bbox 589 3593 673 3658; x_wconf 80' lang='lat' dir='ltr'><strong>qaae</strong></span> <span class='ocrx_word' id='word_1_351' title='bbox 690 3575 728 3635; x_wconf 85' lang='lat' dir='ltr'><strong>in</strong></span> <span class='ocrx_word' id='word_1_352' title='bbox 748 3585 863 3646; x_wconf 78' lang='lat' dir='ltr'><strong>terra,</strong></span> <span class='ocrx_word' id='word_1_353' title='bbox 883 3569 963 3664; x_wconf 81' lang='lat' dir='ltr'><strong>five</strong></span> <span class='ocrx_word' id='word_1_354' title='bbox 981 3579 1044 3639; x_wconf 80' lang='lat' dir='ltr'><strong>v‘t</strong></span> <span class='ocrx_word' id='word_1_355' title='bbox 1069 3577 1128 3639; x_wconf 85' lang='lat' dir='ltr'><strong>ilio</strong></span> <span class='ocrx_word' id='word_1_356' title='bbox 1163 3599 1218 3640; x_wconf 79' lang='lat' dir='ltr'><strong>tva</strong></span> <span class='ocrx_word' id='word_1_357' title='bbox 1238 3575 1383 3666; x_wconf 78' lang='lat' dir='ltr'><strong>invtfibi-</strong></span> 
     </span>
     <span class='ocr_line' id='line_1_42' title="bbox 205 3653 1382 3751; baseline 0.003 -28"><span class='ocrx_word' id='word_1_358' title='bbox 205 3715 207 3723; x_wconf 84' lang='grc'><strong>.</strong></span> <span class='ocrx_word' id='word_1_359' title='bbox 262 3660 327 3736; x_wconf 80' lang='lat' dir='ltr'><strong>lio,</strong></span> <span class='ocrx_word' id='word_1_360' title='bbox 346 3653 428 3746; x_wconf 80' lang='lat' dir='ltr'><strong>five</strong></span> <span class='ocrx_word' id='word_1_361' title='bbox 443 3660 583 3731; x_wconf 53' lang='lat' dir='ltr'><strong>‚throno</strong></span> <span class='ocrx_word' id='word_1_362' title='bbox 600 3655 681 3750; x_wconf 77' lang='lat' dir='ltr'><strong>five</strong></span> <span class='ocrx_word' id='word_1_363' title='bbox 701 3657 962 3732; x_wconf 78' lang='lat' dir='ltr'><strong>dominationes.</strong></span> <span class='ocrx_word' id='word_1_364' title='bbox 1007 3681 1062 3724; x_wconf 82' lang='lat' dir='ltr'><strong>tva</strong></span> <span class='ocrx_word' id='word_1_365' title='bbox 1078 3663 1292 3743; x_wconf 76' lang='lat' dir='ltr'><strong>principatus</strong></span> <span class='ocrx_word' id='word_1_366' title='bbox 1302 3659 1382 3751; x_wconf 77' lang='lat' dir='ltr'><strong>five</strong></span> 
     </span>
     <span class='ocr_line' id='line_1_43' title="bbox 262 3736 1378 3836; baseline 0.002 -28"><span class='ocrx_word' id='word_1_367' title='bbox 262 3757 343 3824; x_wconf 81' lang='lat' dir='ltr'><strong>pota</strong></span> <span class='ocrx_word' id='word_1_368' title='bbox 376 3757 465 3820; x_wconf 81' lang='lat' dir='ltr'><strong>ntes,</strong></span> <span class='ocrx_word' id='word_1_369' title='bbox 488 3745 600 3808; x_wconf 86' lang='lat' dir='ltr'><strong>omnia</strong></span> <span class='ocrx_word' id='word_1_370' title='bbox 619 3765 663 3806; x_wconf 77' lang='lat' dir='ltr'><strong>ex</strong></span> <span class='ocrx_word' id='word_1_371' title='bbox 681 3736 754 3830; x_wconf 82' lang='lat' dir='ltr'><strong>ipso</strong></span> <span class='ocrx_word' id='word_1_372' title='bbox 775 3755 811 3806; x_wconf 82' lang='lat' dir='ltr'><strong>et</strong></span> <span class='ocrx_word' id='word_1_373' title='bbox 827 3763 889 3825; x_wconf 79' lang='lat' dir='ltr'><strong>per</strong></span> <span class='ocrx_word' id='word_1_374' title='bbox 910 3737 1048 3834; x_wconf 67' lang='lat' dir='ltr'><em>ipsum</em></span> <span class='ocrx_word' id='word_1_375' title='bbox 1063 3757 1098 3814; x_wconf 73' lang='lat' dir='ltr'><strong>et.</strong></span> <span class='ocrx_word' id='word_1_376' title='bbox 1117 3747 1152 3809; x_wconf 84' lang='lat' dir='ltr'><strong>in</strong></span> <span class='ocrx_word' id='word_1_377' title='bbox 1171 3749 1278 3836; x_wconf 78' lang='lat' dir='ltr'><strong>ipJum</strong></span> <span class='ocrx_word' id='word_1_378' title='bbox 1290 3769 1378 3810; x_wconf 80' lang='lat' dir='ltr'><strong>erea-</strong></span> 
     </span>
     <span class='ocr_line' id='line_1_44' title="bbox 262 3822 1382 3926; baseline 0.005 -34"><span class='ocrx_word' id='word_1_379' title='bbox 262 3840 301 3892; x_wconf 81' lang='lat' dir='ltr'><strong>ta</strong></span> <span class='ocrx_word' id='word_1_380' title='bbox 339 3843 407 3893; x_wconf 81' lang='lat' dir='ltr'><strong>unt.</strong></span> <span class='ocrx_word' id='word_1_381' title='bbox 449 3831 488 3892; x_wconf 89' lang='lat' dir='ltr'><strong>ln</strong></span> <span class='ocrx_word' id='word_1_382' title='bbox 515 3823 719 3915; x_wconf 80' lang='lat' dir='ltr'><strong>Evangelio,</strong></span> <span class='ocrx_word' id='word_1_383' title='bbox 755 3830 866 3892; x_wconf 84' lang='lat' dir='ltr'><strong>omnia</strong></span> <span class='ocrx_word' id='word_1_384' title='bbox 887 3849 950 3908; x_wconf 80' lang='lat' dir='ltr'><strong>par</strong></span> <span class='ocrx_word' id='word_1_385' title='bbox 969 3826 1073 3922; x_wconf 78' lang='lat' dir='ltr'><strong><em>ipsum</em></strong></span> <span class='ocrx_word' id='word_1_386' title='bbox 1084 3822 1194 3920; x_wconf 80' lang='lat' dir='ltr'><strong>faeta</strong></span> <span class='ocrx_word' id='word_1_387' title='bbox 1205 3825 1311 3926; x_wconf 76' lang='lat' dir='ltr'><strong>sarae,</strong></span> <span class='ocrx_word' id='word_1_388' title='bbox 1346 3843 1382 3903; x_wconf 76' lang='lat' dir='ltr'><strong>tt</strong></span> 
     </span>
     <span class='ocr_line' id='line_1_45' title="bbox 253 3905 1378 4006; baseline 0.004 -29"><span class='ocrx_word' id='word_1_389' title='bbox 253 3909 331 4006; x_wconf 64' lang='lat' dir='ltr'><strong>flue</strong></span> <span class='ocrx_word' id='word_1_390' title='bbox 362 3911 437 4005; x_wconf 82' lang='lat' dir='ltr'><strong>ipso</strong></span> <span class='ocrx_word' id='word_1_391' title='bbox 457 3905 595 4002; x_wconf 80' lang='lat' dir='ltr'><strong>factum</strong></span> <span class='ocrx_word' id='word_1_392' title='bbox 626 3911 674 4004; x_wconf 81' lang='lat' dir='ltr'><strong>est</strong></span> <span class='ocrx_word' id='word_1_393' title='bbox 691 3913 793 3988; x_wconf 68' lang='grc' dir='ltr'><strong>πιἹιιἹς</strong></span> <span class='ocrx_word' id='word_1_394' title='bbox 825 3933 928 3998; x_wconf 78' lang='lat' dir='ltr'><strong>nequa</strong></span> <span class='ocrx_word' id='word_1_395' title='bbox 947 3919 1036 3980; x_wconf 82' lang='lat' dir='ltr'><strong>ratio</strong></span> <span class='ocrx_word' id='word_1_396' title='bbox 1057 3927 1157 3979; x_wconf 78' lang='lat' dir='ltr'><strong>extra</strong></span> <span class='ocrx_word' id='word_1_397' title='bbox 1173 3917 1313 3983; x_wconf 79' lang='lat' dir='ltr'><strong>verbum</strong></span> <span class='ocrx_word' id='word_1_398' title='bbox 1328 3917 1378 3981; x_wconf 83' lang='lat' dir='ltr'><strong>m&#39;l</strong></span> 
     </span>
     <span class='ocr_line' id='line_1_46' title="bbox 262 3993 1377 4090; baseline 0.004 -28"><span class='ocrx_word' id='word_1_399' title='bbox 262 3999 356 4063; x_wconf 79' lang='lat' dir='ltr'><strong>volat</strong></span> <span class='ocrx_word' id='word_1_400' title='bbox 379 3999 490 4084; x_wconf 80' lang='lat' dir='ltr'><strong>perire</strong></span> <span class='ocrx_word' id='word_1_401' title='bbox 501 3993 788 4090; x_wconf 81' lang='lat' dir='ltr'><strong>substantialiter,</strong></span> <span class='ocrx_word' id='word_1_402' title='bbox 818 3993 1073 4090; x_wconf 77' lang='lat' dir='ltr'><strong>outsecunditm</strong></span> <span class='ocrx_word' id='word_1_403' title='bbox 1092 4001 1257 4068; x_wconf 76' lang='lat' dir='ltr'><strong>accidens.</strong></span> <span class='ocrx_word' id='word_1_404' title='bbox 1302 4001 1377 4068; x_wconf 78' lang='lat' dir='ltr'><strong>cla·</strong></span> 
     </span>
     <span class='ocr_line' id='line_1_47' title="bbox 264 4075 1373 4179; baseline 0.001 -29"><span class='ocrx_word' id='word_1_405' title='bbox 264 4099 334 4178; x_wconf 75' lang='lat' dir='ltr'><strong>mat</strong></span> <span class='ocrx_word' id='word_1_406' title='bbox 355 4082 465 4161; x_wconf 85' lang='lat' dir='ltr'><strong>enim,</strong></span> <span class='ocrx_word' id='word_1_407' title='bbox 499 4085 620 4151; x_wconf 67' lang='lat' dir='ltr'><strong>ornata</strong></span> <span class='ocrx_word' id='word_1_408' title='bbox 639 4075 1373 4179; x_wconf 67' lang='lat' dir='ltr'><strong>quoafitmetqnaenonsnntnonsacnn·</strong></span> 
     </span>
    </p>
   </div>
   <div class='ocr_carea' id='block_1_9' title="bbox 0 0 1530 4856">
    <p class='ocr_par' dir='ltr' id='par_1_9' title="bbox 0 0 1530 4856">
     <span class='ocr_line' id='line_1_48' title="bbox 0 0 1530 4856; baseline 0 0"><span class='ocrx_word' id='word_1_409' title='bbox 0 0 1530 4856; x_wconf 95' lang='lat' dir='ltr'><strong> </strong></span> 
     </span>
    </p>
   </div>
  </div>
 </body>
</html>
