3038 4832
297 243 374 312 14⁰
528 187 537 301 -ι
637 243 692 312 lle
712 239 1090 320 vindoneNottaae.

297 425 388 492 nitae
411 423 662 492 univeriitatem
683 426 789 495 totius
813 441 1001 504 creaturae,
1025 449 1126 517 quarn
1147 429 1192 494 de
1210 427 1323 496 nihilo
1335 437 1418 510 eon·

202 553 205 562 -
299 509 406 585 didit,
429 509 663 595 providentiae
685 513 762 578 suae
783 508 1053 612 regulirmoret‚
1076 511 1181 600 regit,
1205 511 1359 590 ordinat,
1383 529 1422 578 et

296 593 386 658 nihil
404 592 539 682 perire,
561 598 628 660 hoc
649 595 711 671 est,
734 612 872 684 penrtua
897 598 939 661 ad
959 595 1107 662 nihilum
1127 594 1264 674 redire,
1288 619 1329 661 er
1349 595 1419 673 hia,

298 697 385 764 quae
407 675 582 756 condidit,
603 677 698 744 finit:
720 675 769 744 ita
788 680 917 746 nostrae
938 687 1079 746 natutae
1102 678 1234 749 trinitas
1255 679 1421 744 unirerfi·

131 785 158 850 '.
213 815 215 818 .
297 760 360 825 tati
392 760 541 848 corporis
577 761 628 825 lui
653 762 882 850 omniumque
915 764 1070 854 sensnum
1094 769 1165 845 ejus
1187 761 1422 828 incolumitati

98 1781 133 1864 0

297 842 475 932 providet,
498 843 675 942 ipsumque
695 845 1049 936 vivificatpetmovet,
1073 863 1108 914 et
1123 847 1289 926 continet,
1312 867 1421 934 quan·

298 945 372 993 tum
391 929 543 993 mortaba
565 928 726 1016 fragilitas
749 929 849 1016 ipfiua
871 931 1050 1016 permittit.
1354 939 1358 948 '

302 1024 306 1033 ¹
361 1020 412 1089 25.
447 1012 514 1076 Sed
543 1010 625 1076 vide
655 1034 699 1076 ne
726 1011 780 1077 hie
800 1011 990 1078 rationibus
1012 1013 1157 1101 incipiat
1179 1012 1349 1093 conjicere
1374 1014 1423 1078 ad

298 1093 431 1166 animae
453 1095 659 1160 creationem
682 1095 859 1182 temporali
881 1100 1027 1182 quodam
1051 1097 1157 1184 [patio
1180 1096 1421 1162 conditionem

299 1177 450 1266 corporis
473 1183 683 1268 praecedere.
727 1181 804 1243 Sola
828 1179 991 1266 fiquidem
1018 1179 1183 1266 dignitate
1206 1179 1422 1255 excellentia·

206 1307 220 1316 -
299 1283 366 1348 que
390 1277 529 1325 naturae
550 1260 723 1348 praecedit
744 1262 856 1327 anima
878 1283 918 1330 oo
961 1283 1021 1336 uo,
1045 1285 1116 1327 non
1142 1279 1254 1328 autem
1268 1265 1347 1328 loco
1361 1263 1422 1328 rel

297 1353 469 1444 tempore,
504 1345 602 1413 fimul
634 1343 725 1410 emln
748 1367 787 1410 ac
807 1347 908 1412 semel
946 1346 1049 1418 nillo
1071 1367 1142 1409 uno
1164 1347 1323 1423 homine,
1357 1345 1422 1434 qui

298 1431 343 1494 ad
369 1427 552 1515 rmaginem
582 1429 648 1493 Dei
669 1429 778 1495 fictus
800 1429 861 1506 est,
893 1429 1053 1496 omnium
1068 1427 1247 1494 hominum
1267 1429 1421 1494 rationes

275 1513 488 1589 ,fecundum
522 1533 644 1600 corpur
678 1529 712 1596 et
741 1511 887 1578 animam
916 1527 1045 1578 creatae
1066 1514 1159 1576 funt:
1200 1515 1302 1577 Nullo
1324 1512 1423 1578 enim

297 1599 401 1662 modo
423 1599 518 1676 juxta
538 1619 648 1662 moras
671 1611 864 1682 temporum
885 1595 1023 1660 edentia
1045 1595 1178 1682 animae
1198 1615 1255 1660 cor
1281 1595 1348 1673 oria
1372 1597 1421 1658 ei·

299 1679 460 1752 sentiam,
503 1680 588 1744 ficut
619 1701 685 1744 nec
723 1679 873 1778 corporis
905 1679 1041 1743 clientia
1070 1678 1201 1742 animae
1234 1619 1421 1756 cientium,

296 1763 481 1850 praecedit.
515 1765 559 1824 Et
580 1785 698 1826 neme
720 1763 868 1826 aestumea
890 1763 1038 1848 primum
1058 1761 1144 1825 illud
1163 1762 1331 1826 effentiale
1346 1783 1424 1826 cor·

298 1867 364 1934 pua
384 1844 422 1908 in
443 1845 599 1908 Paradiso
622 1844 910 1919 conditum,'lola
932 1847 1044 1909 tamen
1066 1844 1199 1908 ratione
1223 1848 1333 1910 adh‘uc
1350 1845 1424 1910 fac-

267 1930 285 2006 )
301 1935 392 2004 trim,
415 1929 499 1992 ficut
520 1945 559 1994 et
574 1928 646 2015 ipsa
668 1927 779 1992 anima
800 1927 850 2002 (in
871 1927 943 2014 ipso
968 1927 1095 2015 quippe
1116 1927 1265 2015 generali
1288 1943 1322 1992 et
1339 1927 1422 1994 uni·

298 2011 417 2077 veriali
447 2012 588 2076 homine
618 2016 661 2078 ad
688 2010 873 2110 imaginem
900 2010 966 2076 Dei
995 2013 1084 2076 facto
1115 2032 1232 2075 omnes
1257 2009 1423 2077 hominea

298 2097 487 2166 Iecundum
509 2117 632 2181 corpus
655 2111 689 2160 et
711 2115 858 2160 ammam
881 2095 976 2158 fimul
998 2109 1032 2158 et
1053 2095 1153 2158 semel
1175 2094 1211 2158 in
1233 2095 1302 2158 iola
1321 2094 1421 2180 poffi·

299 2179 433 2244 bilitate
455 2178 593 2244 condita
615 2180 712 2254 sunt,
736 2194 771 2242 et
789 2177 913 2264 inipso
930 2177 1422 2264 omneapeccavemntpriua·

304 2285 405 2350 quarn
426 2263 464 2326 in
485 2261 636 2348 pr'opriaa
659 2261 853 2325 substantiae
871 2262 1057 2358 prodirent,
1080 2262 1211 2338 hocest,
1235 2277 1421 2348 antequam

296 2343 531 2431 unusquisque
554 2345 737 2408 secundum
760 2347 954 2430 Ang'elrcarn
972 2343 1293 2430 multiplicationem
1307 2345 1344 2408 in
1357 2345 1420 2409 fua

301 2429 445 2493 discreta
477 2425 666 2490 differentia
689 2427 726 2490 in
746 2427 860 2490 anima
881 2428 1037 2491 rationali
1050 2441 1093 2490 'et
1114 2428 1254 2514 spiritali
1275 2447 1422 2514 corpore
1506 2501 1507 2510 χ

301 2525 494 2598 appareret:
525 2513 617 2596 quod
639 2509 799 2573 videlicet
821 2531 942 2597 corpus
963 2511 1222 2597 incorruptibile
1244 2511 1422 2576 aeternali·
1506 2517 1507 2540 ¹

300 2607 395 2659 teret
406 2593 1289 2680 coaeternaliteranimaeadbaereretfinonpeccaret}
1300 2594 1419 2692 inquo

301 2687 420 2743 omnes
436 2675 592 2741 homines
605 2676 823 2740 resurrecturi
839 2677 954 2752 sunta>
979 2680 1019 2742 ab
1043 2677 1154 2742 anima
1171 2677 1275 2743 creari
1291 2678 1420 2742 dixrss'e.

299 2763 388 2828 lllud
413 2759 505 2824 enim
531 2763 571 2824 ab
597 2781 667 2824 uno
685 2759 838 2824 omnium
855 2777 1003 2825 creatore
1016 2758 1213 2828 immediate
1227 2763 1322 2826 timul
1333 2775 1422 2826 ‘cum

304 2841 464 2910 rationali
486 2842 597 2907 anima
618 2843 655 2906 in
679 2842 810 2908 coelesti
829 2843 1053 2920 beatitudine,
1067 2843 1172 2909 immo
1188 2848 1230 2910 ad
1243 2845 1421 2910 coelestem

299 2927 550 2994 beatitudinem
578 2925 834 3000 substantialiter
861 2927 1039 2992 conditum
1072 2928 1131 3001 eit,
1159 2927 1421 2992 substantialiter

200 3081 213 3095 N
301 3027 413 3077 autem
445 3010 539 3085 dico,
576 3011 655 3098 quia
684 3009 953 3095 uniuscujusque
985 3027 1156 3074 creaturae
1177 3033 1255 3076 vera
1279 3011 1322 3074 est
1343 3009 1421 3076 [ub-

301 3095 419 3161 ilantia
441 3094 556 3158 suain
577 3091 850 3180 primordialibus
873 3093 975 3156 caulis
997 3094 1231 3182 praecognita,
1264 3093 1419 3158 condita·
1506 3111 1507 3120 ¹

301 3201 368 3267 que
388 3178 493 3253 ratio,
515 3199 581 3262 qua
606 3181 698 3240 Deua
721 3173 901 3250 diffinivit,
923 3177 966 3240 fic
988 3192 1022 3240 et
1042 3197 1113 3242 non
1137 3177 1233 3241 aliter
1255 3175 1328 3242 erit.
1361 3178 1418 3244 Ad

300 3260 548 3328 beatitudinem
571 3281 706 3346 quoque
728 3258 814 3336 dixi,
838 3280 909 3322 non
932 3259 1023 3324 enim
1044 3261 1151 3325 video'
1170 3263 1341 3346 quomodo
1354 3262 1420 3324 ho-

302 3367 360 3411 mo
382 3333 628 3423 beatitudinem
647 3345 821 3428 perderet,
845 3341 867 3406 fi
889 3365 962 3406 eam
983 3345 1019 3406 re'
1041 3344 1111 3430 ipla
1155 3347 1232 3408 lene
1252 3345 1419 3430 perfecte·

301 3450 368 3516 que
389 3427 540 3514 gustaret.
569 3425 667 3490 Prius
681 3425 800 3500 enim,
822 3441 862 3488 ut
878 3425 1036 3501 arbitror,
1064 3429 1106 3492 ad
1121 3365 1154 3491 ii
1169 3425 1290 3513 ipsum,
1312 3445 1417 3513 quam

299 3515 343 3577 ad
371 3515 482 3576 Deum
516 3510 696 3574 conversus
727 3509 788 3583 est,
821 3530 860 3572 ac
881 3509 959 3574 ideo
980 3511 1101 3595 lapsus.
1144 3513 1220 3576 Hoc
1240 3531 1320 3574 vcro
1340 3529 1418 3574 cor·
1506 3565 1507 3580 ,

297 3617 363 3684 pua
385 3591 604 3681 corruptibile
626 3613 665 3658 ac
678 3590 985 3680 materiale‚-quod
1000 3615 1041 3657 ex
1056 3593 1139 3658 limo
1152 3609 1259 3658 terrae
1275 3595 1417 3679 aliump-

300 3695 375 3743 tum
408 3678 468 3753 est,
501 3677 574 3824 post
601 3692 780 3763 peccatum
806 3674 928 3741 merito
949 3677 1085 3765 peccati
1103 3680 1146 3741 ad
1167 3676 1419 3743 exercitandam

298 3761 337 3827 in
367 3781 407 3826 eo
435 3782 503 3848 neg
516 3760 669 3849 igentem
696 3759 842 3824 animam
865 3781 942 3848 erga
962 3763 1198 3827 mandatorum
1220 3760 1418 3838 custodiam,

298 3844 409 3910 veluti
430 3848 574 3944 quadam
594 3843 730 3944 prppria
746 3842 944 3929 operatione
960 3845 1092 3910 animae
1106 3859 1141 3909 et
1154 3859 1304 3912 creatum
1318 3843 1418 3909 fultra

198 3971 201 3978 ‚
302 3943 338 3994 et
366 3927 521 4016 quotidre
549 3949 674 4003 crean,
710 3927 871 3994 affirmare
901 3949 973 3993 non
1002 3929 1138 3994 baefito.
1189 3929 1293 4014 Quod
1322 3925 1431 3995 enim*

302 4011 475 4101 Scriptura
507 4013 631 4089 „Sacra
652 4015 764 4076 Deum
784 4013 896 4076 lutum
918 4015 961 4077 de
982 4031 1069 4080 terra
1088 4012 1271 4100 sumptae,
1304 4015 1418 4100 deque

301 4115 344 4161 eo
366 4118 406 4164 co
449 4117 489 4160 ur
511 4095 646 4162 homini
667 4096 818 4160 formalle
838 4095 1030 4183 perhibeat,
1051 4117 1123 4163 non
1146 4112 1180 4162 te
1200 4097 1418 4162 movere²de·
1506 4167 1507 4170 Ἴ

300 4181 372 4248 bet.
414 4213 415 4220 ι
448 4201 502 4246 arn
531 4196 567 4248 et
597 4177 687 4249 actio
711 4193 898 4250 creaturae*
911 4181 954 4248 ad
974 4203 1053 4252 eum
1073 4197 1205 4280 exalqno
1225 4179 1338 4250 omnia
1357 4199 1417 4246 na·
1506 4261 1507 4268 ἵ
