2890 4820
478 255 589 330 naar
607 249 768 332 aratu:
1154 223 1224 336 τ’
1361 245 1369 260 ·

61 439 150 510 aaut
186 433 421 522 leu'bumano
451 439 512 506 reu
540 435 696 531 angelico
724 437 917 508 intellectui
937 459 1000 530 per
1018 387 1187 534 ra‘lptan
1221 429 1225 438 ¹

66 522 400 612 comprehenfibilem
430 524 520 590 ellel
534 593 537 600 ,
550 524 748 610 Recordaria
770 527 863 673 quod
882 524 919 589 iu
945 525 1034 592 eriua
1053 551 1176 617 propo.

70 609 219 674 [mutual
253 611 298 672 D.
327 609 517 682 Recordor,
552 629 592 676 ac
612 631 675 675 rue
702 611 746 675 fic
791 629 871 696 amp
922 631 1084 698 anegare
1105 635 1177 680 nou

69 693 210 780 pollam:
231 693 290 758 led
310 706 351 754 ut
371 691 456 757 mihi
479 692 633 770 videtur,
658 709 717 758 aut
736 691 794 758 illa
814 693 987 780 praedicta
1008 698 1177 765 conclusio

67 776 201 866 penitua
222 777 389 851 solvetur,
426 792 460 841 et
482 776 705 842 intellectuali
727 791 898 842 creaturae
920 777 1056 844 divinae
1078 781 1178 846 effen·

65 861 127 924 tiae
155 881 220 948 per
251 859 391 946 seipsam
413 875 548 925 content
573 861 737 926 lationem
760 858 935 938 urbinum
966 878 1028 928 aut
1047 863 1072 927 fi
1093 863 1178 929 solvi
1215 862 1221 876 '
1338 871 1345 882 '

60 944 571 1102 ttl.tll¹*nl¹²l?.fttt.
601 943 1179 1118 lilltllltllllthlt

58 1109 184 1174 [auctir
212 1109 250 1174 in
279 1110 396 1174 futuro
425 1111 654 1198 promittitur,
685 1110 781 1176 etin
809 1131 875 1200 qua
903 1051 930 1175 i,

60 1193 255 1270 iubfistunt,
277 1193 368 1257 neria
390 1194 596 1273 rationibus,
618 1195 917 1284 probabilibusque
938 1197 1099 1283 exemplis
1122 1199 1176 1264 ab·

59 1279 179 1342 solata.
222 1277 269 1340 M.
301 1277 413 1362 Quem
433 1281 574 1344 modum
597 1301 734 1366 quaeras
756 1278 896 1365 ignoro,
925 1296 1058 1366 praeter
1078 1281 1177 1345 illum

59 1363 101 1424 tle
122 1381 194 1447 quo
214 1361 318 1446 paulo
343 1376 422 1424 ante
445 1363 592 1426 breviter
614 1360 835 1427 diacuffimut.
880 1365 923 1427 D.
953 1363 1040 1449 Quia
1060 1361 1117 1430 ille
1137 1364 1178 1438 [tt

58 1443 163 1508 velim
185 1460 340 1530 repetaa,
362 1465 434 1508 non
458 1445 550 1510 enim
570 1444 679 1532 ip'lum
701 1448 826 1512 recolo.
861 1447 910 1508 M.
932 1447 1177 1514 Recordariane

59 1527 142 1616 quid
172 1527 271 1591 inter.
290 1547 354 1591 noa
382 1543 608 1605 convenerat,
641 1533 722 1594 dum
753 1531 795 1594 de
817 1549 971 1596 examero
993 1529 1100 1597 saneti
1120 1551 1178 1618 pa·

60 1611 117 1676 tria
142 1609 322 1698 Augustini
344 1614 509 1698 quaedam
530 1611 750 1678 dicebamus?
772 1616 814 1677 D.
833 1614 1175 1701 Recordorquidem;

60 1695 116 1759 [ed
146 1697 190 1758 de
221 1709 255 1758 te
282 1693 408 1757 iterum
440 1698 506 1759 hoe
527 1695 643 1760 audire
664 1699 755 1762 volo.
800 1697 849 1761 M.
870 1699 1034 1763 Movebat
1053 1713 1105 1774 te,
1136 1713 1177 1762 nt

61 1777 219 1851 arbitror.
243 1780 417 1864 quomodo
439 1777 631 1866 praedictus
653 1771 749 1866 pate‘r
766 1779 974 1877 praedixerit
996 1783 1109 1846 causae
1125 1801 1175 1845 re·

61 1883 134 1924 rum
158 1863 509 1946 creandarum„quae
531 1861 743 1926 aeternaliter
763 1885 799 1927 tn
822 1867 896 1928 Deo
910 1865 1008 1940 sunt.
1033 1883 1068 1930 et
1082 1869 1176 1929 Deua

61 1946 156 2020 lunt,
179 1945 319 2042 angelon
341 1945 489 2042 primum
510 1943 547 2008 in
569 1948 644 2010 Deo
667 1947 898 2022 confidente,
922 1947 1046 2012 deinde
1070 1947 1105 2013 in
1129 1949 1176 2012 fe·

61 2028 154 2114 ipsae,
185 2029 312 2091 demde
343 2028 489 2114 tplarum
512 2045 737 2094 creaturarum
759 2029 911 2115 propriae
934 2029 1060 2130 [peciee
1082 2029 1176 2096 ‹liffe-

61 2107 256 2197 rentiaaque
296 2111 506 2197 cognmiffe,
547 2112 580 2175 [ι’
602 2111 664 2175 ulli
693 2127 864 2176 creaturae
892 2111 1010 2176 divana
1040 2113 1177 2178 ellentia

65 2215 139 2259 cum
159 2193 354 2278 rationibus
375 2217 460 2282 quae
481 2195 681 2268 incolunt,
704 2193 918 2256 ellentialiter
928 2212 1075 2280 nequeat
1087 2217 1177 2260 cotu-

64 2275 295 2366 prebcnlibilia
326 2277 397 2341 effe.
454 2282 496 2341 D.
527 2279 656 2342 Totum
684 2289 796 2340 teneo.
851 2280 901 2342 M.
931 2279 1176 2344 Recordariane

65 2363 143 2448 quid
164 2365 207 2460 acl
230 2365 299 2425 hoc
320 2359 618 2508 responderimus?
658 2363 700 2425 D.
723 2358 848 2445 Utique
868 2363 1043 2439 recordor,
1072 2363 1097 2428 st
1119 2384 1176 2427 me

64 2467 223 2511 memoria
259 2458 343 2508 non·

64 2552 156 2604 mm,
192 2549 282 2615 quae
307 2527 343 2590 in
367 2527 482 2591 divina
505 2525 638 2591 ellentia
660 2526 851 2600 subsiliunt,
885 2529 1023 2614 angelos
1046 2527 1174 2605 vidiffe,

64 2614 118 2676 led
148 2615 314 2698 quaedam
341 2632 381 2698 ap
394 2610 568 2674 raritionea
600 2607 749 2683 divinas,
780 2629 862 2694 quae
884 2625 924 2672 ut
945 2609 993 2675 aia
1014 2615 1176 2698 theopha·
1201 2611 1209 2636 '

65 2696 134 2758 uiae
156 2695 278 2760 Graeci
302 2697 490 2780 appelant,
515 2693 752 2792 causarumque
773 2707 1011 2792 aeternarum&
1056 2717 1175 2794 uarum

65 2777 454 2926 ttfflettlltellt
478 2776 1051 2926 ltltttm²ttillt..llll¹i¹
1071 2793 1175 2948 titt

66 2945 258 3009 existentem
281 2945 390 3008 Deum
404 2942 542 3006 ¹vocari:
565 2942 621 3004 fed
636 2940 737 3004 etiam
751 2940 836 3027 ipsae
855 2943 1077 3028 theophaniae
1089 2967 1175 3032 quae

66 3049 103 3092 ex
122 3051 181 3105 ea,
205 3029 308 3093 etde
330 3049 386 3102 ea,
409 3025 446 3090 in
469 3042 588 3088 natura
603 3024 824 3087 intellectuali
840 3025 1085 3112 exprimuntur,
1108 3027 1175 3092 Dei

65 3111 203 3178 nomine
233 3109 417 3198 praedica?
476 3113 523 3174 M.
553 3111 647 3173 Bene
679 3123 789 3182 tenea,
810 3105 870 3172 ita
902 3108 994 3172 enirn
1016 3110 1173 3175 diximus.

65 3199 104 3259 D.
125 3199 196 3262 Sed
218 3194 304 3281 quid
325 3197 368 3259 ad
387 3193 564 3281 negotium
585 3191 739 3278 praeiens
760 3189 944 3276 pertinetl·
959 3193 1008 3256 M.
1030 3195 1174 3280 Nonpa·

63 3303 134 3344 rum
162 3295 205 3343 ut
232 3277 353 3355 video,
384 3299 423 3342 eo
453 3277 544 3340 enim
576 3277 679 3340 modo
702 3289 735 3338 et
756 3278 892 3362 angelon
913 3278 1025 3340 Deum
1046 3277 1175 3363 semper

65 3363 178 3428 videre
200 3360 361 3438 arbitror,
384 3361 483 3441 jullea
506 3381 573 3459 quo
598 3381 641 3422 ue
663 3356 753 3421 etin
775 3360 839 3422 hac
860 3358 931 3422 vita
953 3363 1034 3424 dum
1055 3358 1174 3426 mortio

65 3448 228 3512 excaffum
249 3445 443 3532 patiuntur,
466 3461 500 3509 et
520 3467 557 3508 rn
576 3381 693 3505 iurum
716 3440 799 3504 ficut
819 3441 932 3540 angeli
954 3441 1084 3510 viluroa
1100 3443 1174 3510 effe.

64 3533 137 3596 Non
165 3550 246 3618 ergo
267 3527 376 3614 ipsum
398 3533 509 3596 Deum
531 3549 592 3613 per
613 3523 825 3611 semetipsum
846 3525 1060 3601 videbimur.
1095 3526 1176 3613 quia

65 3609 579 3792 ia‘i¹¹{a·³⁰i.⁰1¹i.i⁵i³.i¹il.¹¹ii
599 3607 702 3756 313.
719 3607 1174 3760 tellf‘tzttttlttll·

205 3743 216 3773 a
507 3741 517 3770 t
848 3740 858 3769 t
1163 3731 1175 3744 “

67 3781 215 3853 litatem,
237 3793 272 3843 et
289 3783 392 3844 lucem
410 3781 545 3844 habitat
567 3713 716 3871 inoeceffi

717 3777 832 3843 bilem.-
851 3778 909 3841 led
928 3781 1088 3876 quaedam
1109 3777 1175 3842 iac*-

69 3879 112 3928 ua
141 3867 186 3929 ab
219 3881 260 3929 eo
290 3864 328 3928 in
350 3862 450 3929 nobie
473 3865 552 3939 theo
577 3865 693 3927 hanna
716 3863 1038 3948 contemplabimura
1072 3883 1176 3926 unua·

554 3885 631 4010 fuae
652 3943 847 4011 Sanctitatia
869 3961 969 4033 atque
991 3943 1175 4043 sapientiae

69 4031 299 4098 celitudiuem
322 4036 362 4098 ab
384 4051 454 4097 una
475 4033 591 4096 eadem
616 4051 659 4094 ue
679 4030 806 4106 forma,
829 4046 930 4117 quam
948 4047 1174 4114 omnaaappe-

70 4129 163 4194 tunt,
196 4114 265 4182 Dei
291 4118 439 4184 Verbum
468 4113 565 4192 dico,
593 4053 808 4180 iambitur.
850 4113 938 4214 ipsa·
955 4133 1102 4200 namque
1134 4111 1177 4173 de
1240 4175 1242 4180 ,

71 4197 172 4288 leipla
197 4199 353 4290 loquitur
370 4199 410 4268 in
431 4195 634 4287 Evangeli03
663 4201 706 4266 In
726 4197 822 4266 doato
841 4209 953 4281 petru
973 4199 1037 4264 mai
1056 4193 1179 4261 multae

72 3946 215 4036 quiaque‘
232 3947 326 4014 enim
346 3949 532 4013 secundum

919 1133 1034 1199 emper
1065 1113 1177 1202 angeli
1303 1163 1306 1170 .

376 2445 456 2508 allit.
499 2444 643 2508 Dicebas
676 2442 770 2506 enim
790 2463 862 2507 non
883 2442 970 2529 ipfae
992 2446 1105 2510 causae
1125 2467 1176 2510 re·
1276 2471 1284 2488 ·
