3048 4856
444 201 820 352 'tanam
1090 177 1410 324 =eoe¹'

112 429 347 496 mannate
364 421 647 524 supergrediens.
682 449 718 501 et
732 425 1056 531 supereffmtsaslter
1072 425 1230 530 cmniff·
1271 494 1274 504 .

105 507 226 606 sentia
246 527 391 590 remota,
412 529 488 583 tota
506 523 676 604 principia
696 533 732 584 et
750 521 881 584 ordines
901 519 1084 608 destinans,
1106 531 1142 583 et
1163 542 1229 585 om-

118 599 156 662 ni
173 601 342 682 principio
365 611 401 662 ei
419 601 531 668 ordini
541 597 789 698 supercollata.
827 618 862 667 et
880 598 1032 697 mansura
1052 601 1101 697 ψ
1119 625 1231 677 ,eorum

118 703 203 768 qaino
214 677 324 774 sunt.
355 695 390 746 et
400 686 606 774 Jecuiorum,
641 702 676 752 et
686 680 941 835 {uparseculm
972 702 1006 752 et
1025 701 1104 751 ante
1113 683 1231 776 sernia

117 767 219 848 plena
240 769 275 831 in
298 766 538 850 indigentibus,
549 769 693 866 super-p
707 792 768 836 ena
789 773 822 834 in
837 771 1117 845 multintdinibus.
1136 793 1230 834 arca·

113 871 182 923 nn,
210 851 263 913 ine
294 851 392 914 abilis
413 849 522 945 super
546 857 708 930 animum,
728 849 835 948 super·
859 859 984 930 vitam,
1032 877 1113 939 uper
1132 852 1232 948 effen·

115 937 217 1008 eiam.
266 939 544 1016 upomaturatinr
561 939 663 1002 tabet
673 933 950 1034 supematurale,
1001 933 1232 1034 upereffentia·

109 1019 211 1082 liter·
237 1014 499 1112 npereffirttiale.
544 1019 725 1087 Sufficiunt
743 1025 828 1088 haec
847 1039 888 1087 ut
908 1026 1051 1088 arbitror
1069 1025 1157 1088 bene
1178 1022 1231 1091 in·

110 1099 349 1186 telligentibna
392 1107 435 1169 ad
466 1107 742 1192 cognoscendum
770 1109 864 1192 quod
891 1105 1039 1172 Divinae
1067 1105 1231 1172 benitatia
1275 1153 1277 1160 ι

111 1185 304 1272 permansio
333 1188 430 1250 causa
460 1188 614 1252 omnium
643 1187 932 1254 incommutabilia
964 1186 1016 1258 sit.
1063 1187 1231 1260 Procellio

110 1288 197 1333 vero
227 1272 300 1349 eiua
332 1283 366 1332 et
394 1268 575 1336 ineffabilia
603 1286 717 1336 motas
745 1273 901 1338 omnium
922 1272 1061 1339 effectus
1080 1272 1231 1362 peragite

111 1370 218 1438 porro
240 1356 313 1431 ejue
334 1351 455 1437 pertici
482 1352 551 1418 atio
574 1367 610 1417 et
630 1355 807 1444 assumptio
827 1355 878 1420 nil
899 1355 992 1423 aliud
1011 1357 1055 1421 esl
1075 1357 1139 1422 nisa
1161 1378 1230 1422 om·

113 1433 216 1498 nium
247 1434 393 1500 essentia.
466 1451 481 1500 t
509 1436 663 1503 intentur
691 1438 844 1526 perspice
873 1443 966 1526 quod
992 1440 1061 1504 aitt
1095 1437 1174 1527 quia
1196 1453 1232 1503 et

143 1515 334 1582 revidentia
355 1517 591 1606 perfectissima
612 1521 747 1608 ellipse
769 1537 804 1586 et
825 1522 949 1588 essendi
973 1539 1008 1587 et
1027 1525 1116 1587 bene
1130 1523 1232 1586 elsen-

114 1541 155 1665 dr·
176 1599 290 1664 omnia
311 1600 469 1678 causalia,
492 1623 564 1668 non
587 1623 622 1668 er
646 1625 666 1670 ο
687 1605 752 1670 alia
774 1603 819 1670 est
838 1604 1054 1693 providentia
1075 1605 1231 1670 omniunt

116 1697 156 1747 et
176 1683 239 1780 alia
260 1683 357 1749 causa
379 1685 555 1762 omnium,
590 1627 647 1753 sed
666 1710 756 1753 unua
777 1705 879 1776 atque
898 1688 990 1756 idem
1013 1687 1172 1753 dominua
1196 1701 1232 1751 et

114 1765 332 1854 providentia
358 1769 597 1865 perfectiffima
626 1772 670 1834 ell
700 1772 854 1834 omnium
883 1787 919 1832 et
939 1771 1065 1834 essendi
1087 1785 1122 1834 et
1141 1773 1231 1834 bene

117 1847 244 1947 essendi
273 1869 387 1945 omma
417 1851 565 1948 causalia.
587 1854 712 1998 ‘Sum
738 1849 1024 1949 autemsequitur
1045 1851 1137 1915 etin
1159 1871 1231 1916 om·

112 1953 216 2080 iiii
218 1933 598 2080 'ltltnttlttttl
601 2033 611 2099 3
639 1949 684 2079 ‘n
691 1933 1115 2102 ¹²t⁰15¹izn¹l¹²¹5¹litll²t5
1127 1953 1231 2102 {iii
1303 2099 1306 2106 ,

112 2095 231 2164 ffionie
247 2099 300 2162 de
340 2119 406 2196 qua
426 2119 522 2163 nunc
542 2097 653 2185 agitur
672 2098 894 2162 nodositatem
916 2096 953 2160 in
974 2113 1108 2161 tantum
1128 2100 1231 2173 valet,

114 2197 157 2246 ut
188 2181 286 2244 nullo
321 2181 387 2245 alro
408 2183 512 2245 modo
534 2180 685 2246 consulta
705 2179 847 2244 rationis
867 2179 994 2246 virtute
1014 2178 1114 2266 possit
1133 2178 1230 2256 solvi,

113 2279 155 2350 ut
181 2262 346 2346 arbitror„
379 2262 415 2327 Si
447 2261 538 2328 enim
566 2263 637 2350 ipse
666 2261 725 2350 qui
755 2261 893 2328 causalia
923 2263 968 2326 est
995 2279 1030 2328 et
1049 2262 1174 2328 essendi
1196 2277 1231 2330 et

56 2373 65 2384 ·
112 2351 203 2412 bene
237 2344 362 2410 essendi
394 2344 524 2420 omnia,
558 2361 593 2409 et
623 2345 660 2408 ln
690 2345 805 2410 omnia
831 2344 987 2432 procedit
1013 2361 1048 2410 et
1075 2345 1113 2410 in
1135 2343 1231 2412 omni
1300 2345 1307 2356 ’

113 2445 268 2495 creatura
294 2428 335 2491 fit
368 2443 403 2492 et
422 2428 578 2494 continet
600 2427 745 2504 omnia‚.
770 2427 854 2516 quid
876 2429 969 2494 aliud
988 2429 1085 2495 restat
1107 2429 1171 2494 nifi
1190 2443 1232 2493 ut

116 2512 349 2600 intelligamus
370 2509 568 2598 sapientiam
590 2512 645 2576 dei
666 2511 770 2599 patrie
793 2515 834 2577 de
877 2533 922 2577 na
944 2513 1025 2577 talia
1035 2511 1231 2599 praedican-

117 2612 175 2662 tur
206 2611 241 2660 et
271 2595 403 2659 causam
433 2594 627 2660 creatricem
659 2595 814 2661 omnium
843 2617 861 2660 e
888 2618 924 2672 e,
956 2611 991 2660 et
1012 2596 1050 2660 in
1071 2596 1235 2662 omnibua'

166 2691 209 2742 ae
228 2693 320 2744 creat
340 2676 444 2742 creari
466 2692 501 2740 et
521 2677 612 2754 fieri,
648 2693 683 2741 et
704 2679 818 2744 omnia
839 2677 877 2742 in
900 2678 1022 2765 quibua
1044 2695 1176 2743 creatur
1196 2692 1233 2742 et

115 2701 381 2828 diconti‘nerei
404 2765 442 2824 ln
465 2761 623 2825 omnibus
646 2759 737 2825 enim
760 2761 990 2847 quodcunque
1009 2783 1088 2825 vere
1103 2759 1231 2829 intelli·

117 2844 211 2934 gitur
232 2845 313 2919 esse„
337 2841 388 2906 nil
409 2840 502 2908 alind
524 2844 568 2906 est
586 2841 650 2906 nisa
670 2843 853 2942 sapientiae
869 2842 1038 2907 creatricis
1052 2843 1231 2930 multiplex

117 2927 229 2992 virtue
270 2947 336 2990 uae
356 2923 393 2989 in
415 2925 573 2990 omnibus
594 2925 740 2989 subfillrt.
771 2925 808 2988 si
830 2925 923 2990 enim
942 2925 1121 2992 intellectu
1141 2944 1231 2992 crea·

117 3009 240 3076 tricena
249 2949 458 3096 iapientiam
481 3012 522 3074 ab
545 3005 703 3074 omnibus
750 3029 814 3072 uae
835 3009 1169 3084 creatsubslraxeria,
1191 3007 1231 3072 in

118 3093 269 3160 nihilum
291 3091 406 3158 omnia
427 3092 641 3180 redigentur,
672 3030 834 3178 nullaque
855 3089 1008 3165 essentia,
1030 3093 1126 3156 nulla
1146 3090 1230 3166 vita,

116 3179 233 3244 nullut
254 3176 389 3251 sensus,
411 3177 505 3240 nulla
525 3175 632 3251 ratio,
653 3175 768 3242 nnllua
790 3175 1001 3249 intellectus,
1033 3191 1068 3238 et
1088 3173 1231 3240 omnino

118 3261 255 3326 nullum
275 3261 406 3322 bonum
425 3258 624 3323 remanebit.
668 3260 772 3344 Quod
796 3257 897 3322 etiam
917 3257 1060 3322 Sanctus
1083 3256 1234 3346 Augusti·

119 3365 186 3410 nna
207 3341 246 3406 in
266 3341 354 3406 libro
378 3341 631 3411 Conseffionum
652 3340 785 3406 suarum
801 3340 938 3406 videtur
951 3339 1152 3440 intelligere,
1169 3343 1233 3406 ser·

118 3447 260 3493 monem
280 3423 431 3512 dirigent
454 3429 497 3490 ad
517 3426 622 3512 ipsam
644 3423 833 3500 veritatem,
855 3423 1018 3490 Divinam
1038 3425 1169 3490 scilicet
1186 3425 1234 3488 sa·

24 3526 33 3560 ·-
117 3508 295 3599 pientiam.
340 3513 391 3576 Et
418 3507 567 3600 inspexi,
594 3507 727 3597 inquit,
756 3522 889 3572 caetera
915 3511 1076 3586 intrate,
1104 3523 1139 3573 et
1157 3510 1235 3573 vicli

117 3617 178 3660 nee
209 3595 339 3658 ornnino
380 3588 444 3684 effe
475 3596 555 3678 quia
578 3587 642 3658 'non
688 3593 862 3679 nnt‘quocl
891 3604 928 3654 tu
958 3617 1007 3664 es.
1047 3615 1107 3656 nee
1133 3597 1233 3660 omni·
1259 3599 1270 3612 “

116 3701 160 3745 no
193 3699 259 3743 non
294 3671 359 3770 effi
393 3679 473 3762 quia
509 3700 532 3740 n
569 3689 604 3740 te
658 3689 727 3740 unt.
783 3674 917 3823 quibua
946 3673 1058 3741 rerbia
1087 3675 1235 3742 insinuat

117 3783 258 3828 emnem
298 3773 485 3826 ereaturam
524 3757 665 3826 omnino
704 3781 766 3848 per
815 3781 833 3824 e
868 3759 1119 3825 confideratam:
1144 3759 1234 3826 nihil

117 3847 193 3910 elie.
245 3841 421 3932 Quicquid
455 3859 569 3910 autem
601 3843 639 3908 in
670 3863 708 3908 ea
739 3841 849 3908 intelli
877 3841 944 3906 'tur
969 3843 1152 3921 subsistere,
1193 3865 1235 3908 ex

116 3926 379 4017 participatione
412 3926 582 4016 creatricis
609 3923 762 3992 veritatis
792 3927 851 3991 sub
905 3925 948 3991 'tt
988 3927 1014 3991 si
1042 3927 1136 3994 enim
1163 3949 1234 3994 orn·

116 4033 166 4078 ne
195 4033 317 4078 rernm
337 4033 379 4078 ex
397 4009 557 4088 veritate,
593 4025 630 4076 et
648 4010 717 4075 sola
736 4009 860 4075 veritae
880 4027 1073 4108 permanet:
1103 4026 1235 4076 caetera

116 4107 234 4160 antem
260 4109 459 4172 moventur,
499 4095 569 4163 sola
598 4091 705 4183 igitar
734 4092 857 4160 veritae
871 4123 874 4132 ·
889 4115 927 4158 rn
957 4093 1115 4160 omnibu·
1143 4091 1233 4160 veria

116 4177 285 4283 sensistin
306 4177 495 4249 Moventur
522 4193 657 4256 autem,
691 4175 778 4257 dixi,
811 4175 892 4266 qnia
920 4197 983 4264 per
1009 4179 1043 4244 se
1069 4176 1140 4266 ipsa
1160 4195 1248 4285 nnn,
