3048 4856
488 211 490 215 ’
532 233 639 332 oster
664 231 838 342 nean.-
1154 217 1236 306 'aar

121 422 396 520 appropinquare
425 421 569 488 videtur.
611 417 760 486 Proinde
789 441 809 484 a
834 417 1024 506 Theologia
1043 420 1233 487 coelestium

119 521 306 580 virtutum,
337 504 571 571 inaccessibilis
593 505 726 570 claritas
739 504 845 590 saepe
865 503 1062 568 nominatur
1078 510 1234 580 tenebro-

122 590 217 654 fitast
246 611 311 654 nec
341 590 484 664 mirum,
522 611 599 654 cum
622 587 747 674 etipsa
769 585 1079 733 summasspientia
1101 589 1158 653 cui
1180 613 1235 676 ap·
1283 603 1285 608 ’

119 671 356 769 propinquant
388 671 569 760 saepissime
590 675 804 737 tenebrarum
823 673 989 735 vocabuo
1011 671 1233 757 significatum

122 759 205 820 andr
235 756 453 832 Psalmislam,
490 760 570 842 quia
589 753 684 844 stent
709 755 860 819 tenebrae
882 757 967 844 ejtts,
1004 759 1056 818 ita
1077 769 1111 819 et
1129 759 1235 820 sumen

122 842 210 914 e'tts,
239 859 277 902 ec
305 841 329 904 si
358 855 471 926 aperte
500 839 643 905 dicerett
689 853 803 902 tantus
835 838 879 902 est
906 836 1041 903 divinae
1069 840 1241 905 bonitatis.
1334 833 1339 848 '

121 863 299 1010 sinlendor⁹
334 939 374 986 ut
400 943 471 987 non
493 921 663 986 immerito
684 920 978 987 volentibus-eum
1000 924 1232 1011 contemplari,

121 1023 158 1072 et
179 1027 248 1072 non
271 1005 461 1070 valentibus
483 1021 633 1070 vertatur
654 1003 691 1069 in
714 1007 887 1070 tenebras:
922 1006 1020 1071 Solus
1043 1006 1155 1081 enim,
1193 1023 1234 1072 ut

121 1089 171 1154 ait
196 1095 220 1152 Δ
250 1089 391 1165 ollolus,
421 1083 667 1180 inocceffibt'lem
698 1083 842 1234 pltffdet
861 1089 981 1152 lucem:
1009 1085 1233 1177 inquantum
1332 1093 1336 1102 '

119 1193 203 1238 vero
225 1113 367 1259 iongius
397 1176 479 1236 ordo
506 1193 618 1235 rerum
641 1174 722 1236 deor
737 1195 794 1235 um
816 1171 1007 1246 descendit,
1040 1173 1076 1237 in
1100 1189 1233 1240 tantum

118 1255 426 1342 contemplantium
451 1253 626 1319 obtutibus
648 1254 853 1319 manifestius
876 1256 908 1318 se
922 1254 1048 1341 aperit3
1072 1259 1151 1323 ldeo
1167 1259 1233 1322 sor·

117 1361 214 1414 mae,
247 1360 285 1402 ac
306 1337 431 1424 species
447 1359 559 1402 rerum
581 1337 805 1408 sensibilium.
825 1338 1116 1404 manifestissimam
1139 1345 1232 1407 theo·

115 1421 298 1510 phaniam,
329 1441 455 1485 nomen
477 1419 667 1518 accipiunt:
698 1420 813 1486 diuina
834 1421 940 1508 igitur
961 1421 1112 1498 bonitas,
1147 1445 1233 1510 quae
1320 1438 1322 1444 '

115 1497 470 1604 propterea'nihilum
501 1503 642 1580 dicitur,
677 1504 839 1590 quoniam
868 1507 956 1568 ultra
977 1507 1070 1568 nulla
1096 1507 1234 1572 cilentio

116 1587 314 1662 invenitur,
347 1609 387 1651 ex
415 1587 598 1673 negatione
626 1587 780 1652 omnium
801 1587 1013 1652 effentiarum
1034 1587 1071 1652 in
1094 1589 1233 1654 affirma·

116 1671 249 1736 tionem
271 1669 375 1736 totius
396 1670 623 1736 univerfitatis
647 1671 803 1736 essentiae
826 1691 844 1734 a
865 1672 898 1734 se
919 1671 990 1756 ipsa
1011 1670 1047 1735 in
1071 1673 1104 1736 se
1125 1673 1231 1758 ipsam

117 1753 308 1829 descendit,
340 1753 449 1818 veluti
471 1775 511 1816 ex
531 1753 641 1818 nihilo
662 1753 699 1819 in
722 1753 868 1840 aliquid,
898 1773 938 1816 ex
959 1754 1232 1820 inessentialitate

115 1835 281 1924 siquidem
310 1835 413 1920 ipsius
435 1835 616 1920 progreffio
637 1827 674 1897 in
698 1857 736 1899 ea
756 1836 794 1898 in
817 1835 939 1921 quibus
960 1837 1020 1910 fit,
1052 1837 1160 1902 veluti
1180 1838 1232 1902 in·

115 1917 236 1986 formis
258 1921 421 2004 quaedam
443 1915 581 1980 materia
604 1937 622 1980 a
645 1915 808 2014 scriptura
830 1915 965 1981 dicitur.
999 1918 1142 2014 Materia
1158 1921 1232 2007 qni·

74 2019 78 2024 ’
116 2007 217 2078 dem,
251 2000 330 2088 quia
361 2000 405 2064 esi
433 1999 572 2064 initium
603 1999 764 2064 ellentrae-
791 2022 925 2074 rerum,
958 1998 1115 2066 informia
1135 2025 1229 2078 vero,

115 2087 198 2175 quia
226 2081 428 2148 informitati
457 2081 594 2148 divinae
622 2081 805 2168 sapientiae
830 2080 984 2180 proxima
1006 2083 1060 2146 eil.
1103 2085 1231 2151 Divina

114 2185 231 2236 antem
253 2165 416 2254 sapientia
437 2163 591 2230 informis
614 2163 757 2240 dicitur,
781 2187 861 2250 quta
882 2167 924 2228 ad
941 2167 1069 2231 nullam
1087 2167 1231 2234 sormam

114 2251 323 2341 superiorem
344 2250 376 2314 se
399 2250 441 2314 ad
459 2245 701 2326 formationem
721 2249 813 2312 suam
829 2247 1056 2326 convertitur3
1078 2250 1123 2314 ert
1136 2251 1230 2318 enim

114 2335 273 2404 omnium
294 2335 476 2400 formarum
497 2327 674 2396 infinitum
694 2351 789 2396 exem
814 2333 880 2396 lar:
903 2345 938 2394 et
959 2322 1231 2400 dbmdescendit

114 2421 156 2486 in
186 2418 330 2484 diversas
350 2414 531 2480 visibilium
552 2414 696 2490 formas,
728 2419 771 2481 ad
790 2355 825 2479 ie
845 2413 951 2500 ipsam
971 2415 1080 2482 veluti
1100 2421 1144 2484 ad
1164 2419 1257 2484 for-¹

114 2501 305 2572 mationem
333 2501 425 2564 luam
451 2495 607 2597 respicite
636 2497 786 2564 Proinde
815 2496 932 2563 divina
961 2499 1096 2566 bonitas
1131 2503 1230 2589 super

115 2585 234 2654 omnia
256 2584 460 2650 considerata
483 2581 608 2648 dicitur
628 2603 700 2648 non
722 2584 802 2656 elle,
830 2597 865 2646 et
889 2582 1031 2649 omnino
1051 2581 1139 2648 nihil
1154 2585 1229 2662 effe,

115 2671 157 2736 in
186 2668 343 2735 omnibus
370 2687 452 2731 vero
485 2665 564 2730 else:
598 2681 633 2730 et
662 2663 788 2730 dicitur
816 2665 896 2740 elle,
933 2665 1230 2753 quoniamtotius

117 2750 349 2820 Univerlitatis
371 2747 506 2814 essentia
528 2748 588 2824 ett,
624 2765 658 2814 et
679 2748 877 2824 substantia,
900 2763 935 2812 et
955 2771 1081 2836 genus,
1104 2767 1140 2815 et
1158 2751 1231 2838 spe·

116 2837 209 2912 cies,
242 2851 277 2900 et
327 2832 492 2905 cantitat.
528 2847 563 2896 et
592 2831 753 2918 qualitas,
783 2847 818 2895 et
847 2831 1000 2898 omnium
1023 2836 1164 2920 copula,
1195 2850 1231 2900 et

116 2920 228 2995 Situs,
257 2934 293 2982 et
347 2916 477 2989 abitus.
508 2930 543 2978 et
570 2917 700 2989 Locus.
734 2929 768 2979 et
791 2917 959 3002 Tempus,
992 2931 1027 2982 et
1046 2915 1163 2992 Actio,
1195 2933 1231 2982 et

115 3001 246 3070 Paffiot
274 3015 310 3066 et
338 3021 440 3065 omne
461 2999 689 3097 quodcunque
710 2996 747 3062 in
770 2997 864 3063 omni
886 3013 1054 3074 creatura,
1085 2999 1230 3090 aquali·
1273 3039 1277 3049 ·

116 3105 255 3173 cunque
282 3083 461 3148 intellectu
485 3081 593 3168 potest
621 3079 778 3168 intelligi.
818 3079 1045 3177 Etnquisquis
1075 3081 1230 3149 intentus

4 3183 9 3200 '
116 3169 225 3237 sancti
245 3165 399 3251 Dyonifii
419 3169 520 3230 verba
541 3163 742 3252 inspexerit,
766 3167 851 3230 haec
871 3179 919 3227 ata
940 3164 973 3229 se
993 3165 1116 3230 habere
1136 3165 1231 3232 inve·

117 3253 210 3320 niet:
232 3273 273 3316 ex
293 3249 418 3338 quibus
440 3270 536 3314 nune
555 3269 664 3334 pauca
685 3247 830 3313 inserere
850 3267 922 3312 non
937 3245 1165 3348 incongruum
1179 3247 1230 3314 vi·

117 3340 235 3412 detur,
269 3350 304 3398 et
331 3355 417 3424 qpae
444 3331 481 3396 in
503 3330 672 3419 prioribus
693 3331 822 3398 nostrae
843 3331 1134 3400 sermocinattonis
1154 3351 1232 3420 pro·

117 3417 317 3486 ceffionibns
348 3439 388 3480 ex
415 3415 488 3502 ipso
517 3414 727 3502 accepimus,
760 3414 885 3479 iterum
914 3415 1065 3503 recipere
1089 3417 1231 3482 necessa·

116 3503 209 3570 rium
229 3500 438 3582 judicantum
467 3505 559 3582 Age,
581 3497 714 3586 inquit,
747 3503 908 3580 optimum
929 3514 968 3564 ut
986 3521 1083 3576 nare,
1105 3514 1140 3564 et
1156 3503 1229 3565 eoi·

107 3585 276 3679 flentium
304 3588 444 3651 omnium
460 3581 634 3672 substanti
660 3605 731 3646 cum
757 3577 1038 3655 nudemus.’‘ott
1061 3585 1118 3661 (fic
1138 3583 1232 3650 enim

116 3687 221 3741 vocat
245 3673 370 3748 Deum)
400 3672 504 3734 totius
524 3662 587 3760 ff
625 3667 781 3731 scandum
799 3671 956 3732 virtutem
969 3663 1095 3760 Jupere
1127 3671 1230 3733 entia·

115 3757 182 3820 lem
207 3747 483 3901 ψίΙιιόβίειιηιι
511 3747 628 3844 eausa,
663 3765 698 3816 st
717 3764 847 3817 creator
866 3747 1096 3844 existentissu
1108 3750 1230 3844 fissan·
1301 3767 1337 3818 .’

116 3833 263 3936 tioetsu
281 3837 448 3928 stantiae,
471 3831 645 3930 effantios.
668 3849 825 3912 nasum,
847 3839 1066 3922 principium.
1090 3851 1125 3900 et
1145 3859 1229 3900 men·

106 3915 217 4016 suro,
230 3917 425 4018 seculorum,
448 3934 482 3984 et
502 3934 693 4002 temporum,
716 3915 943 4013 effentialitos,
970 3934 1005 3984 st
1025 3917 1230 3996 „aeternitas

117 4003 332 4090 existentium
355 4021 547 4091 temporum
568 4004 735 4070 sactorum
757 4003 837 4078 else;
873 4019 1050 4091 utcunque
1070 4003 1168 4068 iactis
1190 4024 1231 4066 ex
1261 4029 1267 4038 ¹

117 4111 161 4156 eo
185 4093 278 4178 qnod
300 4089 344 4154 stt
364 4103 556 4160 tammum,
585 4103 620 4152 et
642 4084 794 4162 essentia,
829 4101 863 4150 st
882 4082 943 4162 ὅν,
967 4105 1001 4152 et
1022 4103 1172 4173 tempus,
1195 4100 1230 4148 et

117 4172 311 4262 generatio,
334 4173 516 4238 etinctum
538 4169 575 4236 in
598 4169 753 4236 exilienti
775 4169 986 4238 essentialitas
1008 4187 1042 4234 et
1056 4187 1230 4256 utcunque

752 4288 789 4353 tt
