3038 4828
199 234 204 262 .
285 201 368 272 aro
617 173 1068 276 oeoaaamrtnarn.

419 331 426 368 l
851 365 855 376 ,
988 347 991 356 ’
1266 351 1268 356 ·
1508 367 1509 370 ,

287 401 441 482 natarunt
462 382 535 461 fieri
556 383 663 464 tollit,
688 407 791 475 quam
810 387 906 485 bruai
925 403 962 456 et
981 387 1082 458 [emal
1104 402 1136 454 et
1158 385 1349 464 conaidits
1364 404 1407 453 et

286 471 322 534 in
353 469 480 556 species
507 469 659 555 propriae
692 471 863 558 produxit.
913 475 967 538 Ut*
987 472 1079 542 enim
1106 493 1177 538 uno
1203 487 1406 570 praecepto,

285 553 431 642 repetito
455 568 537 616 tunc
559 553 663 618 lexim
686 578 704 620 a
726 559 921 642 Theologo‚
951 573 1106 623 naturam
1128 565 1281 622 omnium
1303 557 1405 650 fiprul

286 635 428 704 creavit:
464 635 512 698 ita
544 635 614 722 ipsa
644 654 764 704 natura
794 641 888 706 fimul
919 640 956 704 in
986 662 1102 706 ornnea
1134 640 1246 726 caepit
1265 661 1406 704 currere

286 735 471 793 creaturas.
502 741 567 783 nec
588 723 657 786 ulla
679 725 835 801 alteram,
868 725 1023 790 locorum
1044 726 1103 789 seu
1125 739 1314 810 temporum
1336 746 1406 788 nu·
1463 761 1467 766 ·

177 877 185 890 ¹
284 803 385 868 meria
415 803 472 866 seu
493 803 607 890 spatiis
628 805 811 892 praecellit.
858 810 905 872 M.
922 809 1018 883 tutte,
1040 823 1199 894 recteque
1214 806 1405 872 maximum

283 888 395 954 virum
417 887 697 983 praedicaa.‚,.nec
718 889 815 956 aliter
835 893 877 956 de
898 890 971 978 ipso
995 892 1039 956 est
1060 891 1284 956 sentiendum.
1320 893 1406 954 Pul·

285 975 365 1036 chre
386 969 491 1067 igitur
511 972 680 1057 segregata
700 973 926 1040 mutabilitate
950 975 1199 1050 accidentium,
1223 973 1404 1039 stabilitate

283 1055 501 1128 [ubstantiae.
534 1055 634 1124 multi
659 1058 713 1120 lex
733 1056 834 1144 ipfiua
855 1057 907 1122 via
928 1081 990 1145 per
1010 1059 1152 1124 diversae
1175 1061 1191 1122 s
1214 1059 1302 1124 cciea
1322 1057 1402 1122 visr-

283 1137 398 1235 bilitar
420 1159 615 1229 erumpens,
636 1081 818 1206 lierbarum
838 1140 1076 1239 lignorumque
1095 1083 1403 1230 ligniicationibua

234 1257 236 1271 -
283 1221 482 1286 msrnuatur.
526 1220 648 1288 Omnia
670 1223 762 1290 enim
784 1226 912 1312 spaerae
933 1225 969 1290 in
992 1249 1132 1312 genere,
1164 1243 1198 1290 ct
1219 1247 1319 1290 omne
1342 1247 1401 1312 ge·

271 1323 350 1370 'nua
379 1305 557 1372 substantia
587 1309 784 1372 naturaliter
813 1307 1019 1374 continetur.
1070 1313 1154 1373 Item
1185 1309 1296 1374 omnia
1325 1309 1402 1372 [ub-

230 1464 240 1484 l
283 1389 401 1457 [tantia
429 1411 489 1474 per
520 1389 749 1477 generationis
776 1391 900 1456 formae
931 1392 1126 1491 speciesque
1153 1413 1214 1491 pro
1242 1391 1305 1456 riaa
1326 1393 1402 1456 vim

286 1474 376 1538 suam
399 1473 525 1546 exerit,
549 1491 582 1538 et
603 1477 669 1540 hoc
691 1489 821 1550 totum,
851 1475 923 1540 vita
943 1479 1017 1550 illa,
1050 1497 1193 1564 quaem
1216 1417 1403 1540 laminiana

142 1581 146 1594 '
261 1597 264 1602 ·
284 1572 460 1644 operatur,
485 1555 595 1622 divini
616 1557 788 1642 praecepti
809 1557 936 1622 virtute
957 1560 1037 1639 julla
1059 1556 1274 1624 administrat.
1304 1561 1401 1624 ldco·

283 1661 350 1728 que
378 1642 496 1704 herbae
524 1639 683 1726 lignaque
713 1640 871 1706 animalia
897 1641 963 1706 lixa
992 1642 1029 1706 in
1058 1645 1135 1707 loco
1165 1641 1293 1729 physici
1325 1664 1401 1708 non

281 1721 558 1797 irrationabiliter
592 1724 774 1809 appellant.
825 1727 915 1788 Sunt
944 1723 1036 1788 enim
1069 1725 1216 1791 animata
1247 1747 1401 1814 corpora,

175 1825 179 1836 '
281 1813 436 1874 locorum
469 1822 503 1870 et
532 1822 723 1890 temporum
745 1807 933 1871 intervallis
956 1807 1160 1884 creacentia,
1196 1808 1330 1894 [uiaque
1351 1802 1422 1873 lo·'

283 1893 332 1960 cia
354 1889 391 1955 in
413 1889 536 1978 quibua
559 1905 731 1964 crearunt,
759 1891 850 1976 ,fian
885 1905 919 1953 et
938 1893 1150 1966 notandum,
1184 1895 1404 1978 quemadmo-

284 1981 366 2046 dum
388 1995 550 2060 aquarum
573 1972 729 2040 collectio
751 1996 811 2071 per
833 1974 865 2038 [e
886 1973 966 2036 liare
987 1991 1058 2038 nou
1081 1975 1203 2059 potest,
1227 1974 1289 2039 nifi
1309 1977 1403 2040 mole

281 2065 393 2127 terrae·
421 2056 637 2130 sustineatun
669 2058 735 2120 five
756 2057 899 2122 interius
922 2079 982 2144 per
1004 2059 1155 2120 occultos
1176 2079 1300 2144 poros.
1330 2059 1401 2123 live

283 2141 428 2210 exterius
449 2163 511 2228 per
533 2156 663 2226 apertae
684 2139 928 2206 inundationes
952 2139 1159 2216 discurren03
1186 2141 1253 2204 five
1276 2142 1319 2205 sta
1345 2139 1400 2208 nia

279 2231 488 2312 lacubusque
515 2225 615 2288 stane:
651 2223 700 2288 ita
733 2223 961 2307 accidentium
983 2223 1163 2288 inundatio
1185 2245 1256 2288 non
1277 2165 1343 2290 nil
1359 2224 1399 2290 in

282 2315 430 2392 subjecta
465 2305 642 2372 substantia
675 2307 847 2371 consistere
875 2309 1062 2393 praevalet,
1097 2307 1163 2371 five
1190 2307 1227 2371 in
1256 2307 1400 2374 occultia

283 2392 426 2474 subjecti
446 2391 571 2456 finibua
593 2391 737 2465 lateant,
775 2405 815 2454 ut
837 2390 915 2454 sunt
938 2389 1116 2475 qualitates
1139 2405 1173 2454 et
1193 2391 1399 2477 quantitatea

281 2475 474 2551 causaliter;
505 2474 571 2539 five
592 2473 680 2537 forae
703 2487 902 2558 erumpant,
936 2472 1027 2538 etin
1049 2471 1093 2536 ali
1117 2495 1161 2538 ua
1181 2473 1321 2539 materia
1342 2498 1399 2562 ap·

198 2547 201 2566 ⁸
279 2576 439 2650 pareant,
470 2573 510 2622 ut
543 2557 621 2624 funt
650 2558 757 2621 molar
785 2577 966 2642 corporeae
999 2496 1133 2622 diverira
1155 2558 1324 2623 coloribus
1346 2559 1400 2621 lu·

281 2646 452 2734 perfusae3
482 2642 548 2706 live
569 2637 694 2703 [labilia
716 2641 797 2714 lint,
825 2656 866 2704 ut
887 2641 903 2703 s
925 2637 1032 2716 aeica,
1067 2647 1102 2704 e't
1128 2639 1277 2728 figurae,
1310 2664 1397 2730 quae

250 2788 253 2799 .
283 2733 433 2810 adjectae
454 2721 674 2790 mutabilitati
693 2721 836 2788 visibilia
857 2746 874 2790 e
912 2725 1009 2790 ciunt
1031 2745 1188 2811 corpora,
1212 2724 1296 2790 statu
1314 2747 1397 2813 quo»

282 2815 358 2878 dam
395 2807 529 2898 speciali
564 2807 791 2882 conformata.
817 2822 858 2872 et
884 2807 921 2874 in
950 2830 1057 2872 unum
1090 2807 1320 2895 colliguntur,
1351 2831 1397 2873 ne
1508 2877 1509 2882 γ

153 2890 157 2908 ’
281 2894 415 2960 subdito
438 2894 628 2968 solvantur,
650 2890 755 2977 inque
772 2892 882 2956 fluxua
897 2894 974 2956 [uae
988 2891 1223 2958 mutabilitatis
1236 2891 1394 2980 speciem,

278 2975 597 3127 ςιιιιῒοιρὲιιίιιοέιιιᾶ,
617 2974 805 3074 deserentia
826 2976 992 3124 labanturl,
1010 2991 1044 3075 ct
1064 2975 1219 3122 reltluant.
1262 2979 1329 3124 8Ξά
1350 2997 1396 3040 nc

280 3085 318 3128 ιιι
362 3085 404 3126 ar
431 3083 469 3126 ua
521 3083 557 3124 ru
588 3081 626 3124 ua
659 3079 899 3133 immoremur,
944 3081 962 3122 a
1043 3081 1103 3124 uar
1120 3081 1172 3124 am
1201 3082 1284 3124 mun
1311 3081 1373 3124 ana

281 3143 531 3212 constitutionis
553 3159 760 3222 transeamus
781 3082 1056 3228 speculationerli.
1374 3080 1397 3138 q

343 3245 395 3309 33.
426 3232 469 3292 D.
492 3225 600 3290 Serica
624 3224 864 3312 diaputationia
886 3223 935 3289 ita
957 3225 1079 3312 exigit:
1109 3247 1188 3290 narn
1202 3225 1233 3290 fi
1278 3247 1314 3290 er
1332 3225 1395 3290 tin·

279 3315 377 3400 gula,
402 3331 624 3410 quaecunque
646 3312 688 3374 de
709 3307 831 3378 talibus
854 3313 1044 3396 quaerenda
1067 3324 1101 3373 et
1122 3311 1236 3398 solean
1263 3331 1281 3373 a
1305 3311 1392 3384 funt,

278 3395 430 3482 quiaquia
460 3392 657 3478 investigare
693 3391 859 3468 voluerit3
896 3392 990 3478 priua
1022 3391 1054 3458 ei
1082 3407 1215 3478 tempus
1245 3392 1391 3467 deficiet,

301 3491 378 3542 uam
400 3480 443 3542 ad
455 3477 567 3541 anem
590 3473 745 3553 omniurn
766 3497 852 3574 quae
871 3479 1043 3542 tractanda
1076 3475 1155 3540 lunt
1191 3477 1234 3540 ad
1268 3498 1393 3563 purum

278 3501 494 3627 liecutienda
513 3561 624 3624 valeat
643 3580 831 3648 pervenire.
869 3561 925 3624 Μ.
953 3561 1092 3624 Peracta
1113 3559 1229 3646 itaque
1251 3563 1394 3626 duarum

276 3643 479 3712 inferiorum
519 3641 658 3744 ribbilia
678 3645 784 3742 hujus·
799 3643 922 3742 muntii
942 3641 1109 3742 partium,
1143 3658 1251 3708 terrae
1270 3643 1336 3708 ria.
1358 3658 1395 3708 et

277 3749 404 3900 :tlte
425 3729 973 3909 ‘tlt‘ftttt0{¹.tt⁸t⁰ttttt
987 3727 1394 3899 ‘iiinliieiissilit

275 3895 459 3984 generibus
488 3895 574 3972 sura,
603 3909 638 3958 et
663 3893 839 3982 [patiebur
868 3895 1106 3971 formatarum
1133 3894 1222 3988 'locis
1244 3915 1391 3984 quoque,

212 4013 215 4020 1
276 3979 449 4068 certisque
468 3977 595 4046 linibus
616 3975 944 4068 circumscriptarum
964 3975 1214 4067 speculationer
1248 3999 1328 4045 mox
1349 3977 1393 4042 acl

184 4127 188 4137 ,
274 4061 486 4152 funariorum
505 4061 676 4150 partium,
698 4061 799 4140 aeria,
824 4062 923 4140 dico,
945 4077 981 4128 et
995 4061 1087 4152 ignia
1101 4061 1397 4135 constitutionem..

275 4143 414 4216 divinar
433 4147 697 4235 cormographtu
715 4145 842 4216 mentia
862 4145 1028 4214 intuitum
1045 4144 1237 4224 convertit,
1260 4145 1389 4218 uicena
