<?xml version="1.0" encoding="UTF-8"?>
<!DOCTYPE html PUBLIC "-//W3C//DTD XHTML 1.0 Transitional//EN"
    "http://www.w3.org/TR/xhtml1/DTD/xhtml1-transitional.dtd">
<html xmlns="http://www.w3.org/1999/xhtml" xml:lang="en" lang="en">
 <head>
  <title>
</title>
<meta http-equiv="Content-Type" content="text/html;charset=utf-8" />
  <meta name='ocr-system' content='tesseract 3.04.00' />
  <meta name='ocr-capabilities' content='ocr_page ocr_carea ocr_par ocr_line ocrx_word'/>
</head>
<body>
  <div class='ocr_page' id='page_1' title='image "./dedivisionenatu00eriggoog_0590.png"; bbox 0 0 2884 4820; ppageno 0'>
   <div class='ocr_carea' id='block_1_1' title="bbox 387 151 1133 275">
    <p class='ocr_par' dir='ltr' id='par_1_1' title="bbox 387 151 1133 275">
     <span class='ocr_line' id='line_1_1' title="bbox 387 151 1133 275; baseline -0.004 -24"><span class='ocrx_word' id='word_1_1' title='bbox 387 151 804 266; x_wconf 58' lang='lat' dir='ltr'><strong>januculum..</strong></span> <span class='ocrx_word' id='word_1_2' title='bbox 923 210 927 218; x_wconf 90' lang='lat'><em>·</em></span> <span class='ocrx_word' id='word_1_3' title='bbox 1056 173 1133 275; x_wconf 77' lang='lat' dir='ltr'><strong>aaa</strong></span> 
     </span>
    </p>
   </div>
   <div class='ocr_carea' id='block_1_2' title="bbox 40 330 1197 1522">
    <p class='ocr_par' dir='ltr' id='par_1_2' title="bbox 40 330 1197 1522">
     <span class='ocr_line' id='line_1_2' title="bbox 44 330 1134 466; baseline -0.006 -38"><span class='ocrx_word' id='word_1_4' title='bbox 44 363 183 466; x_wconf 68' lang='lat' dir='ltr'><strong>praemia</strong></span> <span class='ocrx_word' id='word_1_5' title='bbox 210 377 244 428; x_wconf 88' lang='lat' dir='ltr'><strong>et</strong></span> <span class='ocrx_word' id='word_1_6' title='bbox 271 330 444 450; x_wconf 76' lang='lat' dir='ltr'><strong>supplicia.</strong></span> <span class='ocrx_word' id='word_1_7' title='bbox 485 361 588 428; x_wconf 85' lang='lat' dir='ltr'><strong>Divea</strong></span> <span class='ocrx_word' id='word_1_8' title='bbox 615 377 727 433; x_wconf 78' lang='lat' dir='ltr'><strong>autem</strong></span> <span class='ocrx_word' id='word_1_9' title='bbox 755 364 834 432; x_wconf 80' lang='lat' dir='ltr'><strong>nou.</strong></span> <span class='ocrx_word' id='word_1_10' title='bbox 857 357 975 432; x_wconf 80' lang='lat' dir='ltr'><strong>delon</strong></span> <span class='ocrx_word' id='word_1_11' title='bbox 1001 379 1049 444; x_wconf 52' lang='lat' dir='ltr'><strong>e„</strong></span> <span class='ocrx_word' id='word_1_12' title='bbox 1075 358 1134 422; x_wconf 78' lang='lat' dir='ltr'><strong>lod</strong></span> 
     </span>
     <span class='ocr_line' id='line_1_3' title="bbox 43 380 1134 597; baseline -0.004 -5"><span class='ocrx_word' id='word_1_13' title='bbox 43 444 733 597; x_wconf 44' lang='lat' dir='ltr'><strong>trtitutumillerum</strong></span> <span class='ocrx_word' id='word_1_14' title='bbox 753 464 831 590; x_wconf 69' lang='lat' dir='ltr'><strong>or</strong></span> <span class='ocrx_word' id='word_1_15' title='bbox 847 380 1134 592; x_wconf 63' lang='lat' dir='ltr'><strong>tritine:</strong></span> 
     </span>
     <span class='ocr_line' id='line_1_4' title="bbox 44 548 1134 699; baseline -0.006 -24"><span class='ocrx_word' id='word_1_16' title='bbox 44 610 85 676; x_wconf 88' lang='lat' dir='ltr'><strong>tia</strong></span> <span class='ocrx_word' id='word_1_17' title='bbox 110 615 169 691; x_wconf 78' lang='lat' dir='ltr'><strong>iun</strong></span> <span class='ocrx_word' id='word_1_18' title='bbox 194 611 241 686; x_wconf 81' lang='lat' dir='ltr'><strong>it..</strong></span> <span class='ocrx_word' id='word_1_19' title='bbox 273 633 356 699; x_wconf 84' lang='lat' dir='ltr'><strong>quoa</strong></span> <span class='ocrx_word' id='word_1_20' title='bbox 377 575 534 678; x_wconf 78' lang='lat' dir='ltr'><strong>meritrim</strong></span> <span class='ocrx_word' id='word_1_21' title='bbox 558 551 708 680; x_wconf 68' lang='lat' dir='ltr'><strong>diffimilie</strong></span> <span class='ocrx_word' id='word_1_22' title='bbox 730 607 860 674; x_wconf 88' lang='lat' dir='ltr'><strong>dividit.</strong></span> <span class='ocrx_word' id='word_1_23' title='bbox 876 548 1007 674; x_wconf 72' lang='lat' dir='ltr'><strong>anulo</strong></span> <span class='ocrx_word' id='word_1_24' title='bbox 1027 605 1134 692; x_wconf 59' lang='lat' dir='ltr'><strong>priuaff</strong></span> 
     </span>
     <span class='ocr_line' id='line_1_5' title="bbox 47 692 1135 781; baseline -0.005 -24"><span class='ocrx_word' id='word_1_25' title='bbox 47 716 148 779; x_wconf 86' lang='lat' dir='ltr'><strong>quam</strong></span> <span class='ocrx_word' id='word_1_26' title='bbox 177 694 327 780; x_wconf 33' lang='lat' dir='ltr'><strong>&#39;ominus</strong></span> <span class='ocrx_word' id='word_1_27' title='bbox 348 710 536 781; x_wconf 84' lang='lat' dir='ltr'><strong>pateretur,</strong></span> <span class='ocrx_word' id='word_1_28' title='bbox 566 694 661 760; x_wconf 77' lang='lat' dir='ltr'><strong>simul</strong></span> <span class='ocrx_word' id='word_1_29' title='bbox 683 694 719 758; x_wconf 90' lang='lat' dir='ltr'><strong>in</strong></span> <span class='ocrx_word' id='word_1_30' title='bbox 741 713 810 757; x_wconf 88' lang='lat' dir='ltr'><strong>uno</strong></span> <span class='ocrx_word' id='word_1_31' title='bbox 832 693 1014 778; x_wconf 82' lang='lat' dir='ltr'><strong>coenaculo</strong></span> <span class='ocrx_word' id='word_1_32' title='bbox 1035 692 1135 752; x_wconf 67' lang='lat' dir='ltr'><strong>luder</strong></span> 
     </span>
     <span class='ocr_line' id='line_1_6' title="bbox 42 771 1136 850; baseline -0.004 -10"><span class='ocrx_word' id='word_1_33' title='bbox 42 771 207 844; x_wconf 85' lang='lat' dir='ltr'><strong>lacariotea</strong></span> <span class='ocrx_word' id='word_1_34' title='bbox 237 793 271 842; x_wconf 91' lang='lat' dir='ltr'><strong>et</strong></span> <span class='ocrx_word' id='word_1_35' title='bbox 303 777 419 846; x_wconf 85' lang='lat' dir='ltr'>Simon</span> <span class='ocrx_word' id='word_1_36' title='bbox 447 779 565 842; x_wconf 81' lang='lat' dir='ltr'><strong>Petrue</strong></span> <span class='ocrx_word' id='word_1_37' title='bbox 588 800 665 848; x_wconf 87' lang='lat' dir='ltr'><strong>cum</strong></span> <span class='ocrx_word' id='word_1_38' title='bbox 687 776 813 842; x_wconf 79' lang='lat' dir='ltr'><strong>christo</strong></span> <span class='ocrx_word' id='word_1_39' title='bbox 835 777 1041 850; x_wconf 87' lang='lat' dir='ltr'><strong>coenabant;</strong></span> <span class='ocrx_word' id='word_1_40' title='bbox 1078 771 1136 836; x_wconf 82' lang='lat' dir='ltr'><strong>le&#39;d</strong></span> 
     </span>
     <span class='ocr_line' id='line_1_7' title="bbox 43 857 1135 947; baseline -0.003 -27"><span class='ocrx_word' id='word_1_41' title='bbox 43 879 125 924; x_wconf 87' lang='lat' dir='ltr'><strong>unua</strong></span> <span class='ocrx_word' id='word_1_42' title='bbox 149 865 242 940; x_wconf 83' lang='lat' dir='ltr'><strong>juxta</strong></span> <span class='ocrx_word' id='word_1_43' title='bbox 275 859 457 935; x_wconf 83' lang='lat' dir='ltr'><strong>Christum,</strong></span> <span class='ocrx_word' id='word_1_44' title='bbox 495 861 578 924; x_wconf 86' lang='lat' dir='ltr'><strong>alter</strong></span> <span class='ocrx_word' id='word_1_45' title='bbox 606 862 707 947; x_wconf 82' lang='lat' dir='ltr'><strong>longe</strong></span> <span class='ocrx_word' id='word_1_46' title='bbox 729 875 835 926; x_wconf 88' lang='lat' dir='ltr'><strong>erata</strong></span> <span class='ocrx_word' id='word_1_47' title='bbox 858 858 1001 942; x_wconf 39' lang='lat' dir='ltr'><strong>Christot</strong></span> <span class='ocrx_word' id='word_1_48' title='bbox 1039 857 1135 942; x_wconf 70' lang='lat' dir='ltr'><strong>Unus</strong></span> 
     </span>
     <span class='ocr_line' id='line_1_8' title="bbox 43 939 1134 1039; baseline -0.005 -35"><span class='ocrx_word' id='word_1_49' title='bbox 43 941 96 1028; x_wconf 87' lang='lat' dir='ltr'><strong>qui</strong></span> <span class='ocrx_word' id='word_1_50' title='bbox 126 964 203 1008; x_wconf 89' lang='lat' dir='ltr'><strong>cum</strong></span> <span class='ocrx_word' id='word_1_51' title='bbox 230 943 357 1008; x_wconf 84' lang='lat' dir='ltr'><strong>Christo</strong></span> <span class='ocrx_word' id='word_1_52' title='bbox 386 943 574 1032; x_wconf 85' lang='lat' dir='ltr'><strong>intingebat</strong></span> <span class='ocrx_word' id='word_1_53' title='bbox 594 966 729 1008; x_wconf 91' lang='lat' dir='ltr'><strong>manum</strong></span> <span class='ocrx_word' id='word_1_54' title='bbox 755 941 791 1006; x_wconf 88' lang='lat' dir='ltr'><strong>in</strong></span> <span class='ocrx_word' id='word_1_55' title='bbox 813 943 1038 1039; x_wconf 74' lang='lat' dir='ltr'><strong>paropsidem,</strong></span> <span class='ocrx_word' id='word_1_56' title='bbox 1072 939 1134 1000; x_wconf 86' lang='lat' dir='ltr'><strong>hu·</strong></span> 
     </span>
     <span class='ocr_line' id='line_1_9' title="bbox 43 1020 1197 1121; baseline -0.006 -31"><span class='ocrx_word' id='word_1_57' title='bbox 43 1023 207 1091; x_wconf 74' lang='lat' dir='ltr'><strong>inanitatis</strong></span> <span class='ocrx_word' id='word_1_58' title='bbox 235 1023 354 1090; x_wconf 88' lang='lat' dir='ltr'><strong>Chrilli</strong></span> <span class='ocrx_word' id='word_1_59' title='bbox 388 1041 457 1090; x_wconf 85' lang='lat' dir='ltr'><strong>erat</strong></span> <span class='ocrx_word' id='word_1_60' title='bbox 478 1025 634 1100; x_wconf 67' lang='lat' dir='ltr'><strong>traditam</strong></span> <span class='ocrx_word' id='word_1_61' title='bbox 669 1027 750 1090; x_wconf 88' lang='lat' dir='ltr'><strong>alter</strong></span> <span class='ocrx_word' id='word_1_62' title='bbox 771 1048 828 1112; x_wconf 87' lang='lat' dir='ltr'><strong>qur</strong></span> <span class='ocrx_word' id='word_1_63' title='bbox 851 1047 920 1090; x_wconf 89' lang='lat' dir='ltr'><strong>non</strong></span> <span class='ocrx_word' id='word_1_64' title='bbox 940 1023 1062 1121; x_wconf 76' lang='lat' dir='ltr'><strong>legitur</strong></span> <span class='ocrx_word' id='word_1_65' title='bbox 1083 1020 1134 1084; x_wconf 88' lang='lat' dir='ltr'><strong>in·</strong></span> <span class='ocrx_word' id='word_1_66' title='bbox 1195 1025 1197 1035; x_wconf 83' lang='grc'>’</span> 
     </span>
     <span class='ocr_line' id='line_1_10' title="bbox 43 1101 1136 1196; baseline -0.004 -28"><span class='ocrx_word' id='word_1_67' title='bbox 43 1105 167 1172; x_wconf 83' lang='lat' dir='ltr'><strong>tinxiffe</strong></span> <span class='ocrx_word' id='word_1_68' title='bbox 197 1131 333 1174; x_wconf 89' lang='lat' dir='ltr'><strong>manum</strong></span> <span class='ocrx_word' id='word_1_69' title='bbox 362 1130 439 1174; x_wconf 89' lang='lat' dir='ltr'><strong>cum</strong></span> <span class='ocrx_word' id='word_1_70' title='bbox 470 1107 596 1174; x_wconf 77' lang='lat' dir='ltr'><strong>Christo</strong></span> <span class='ocrx_word' id='word_1_71' title='bbox 625 1107 661 1172; x_wconf 92' lang='lat' dir='ltr'><strong>in</strong></span> <span class='ocrx_word' id='word_1_72' title='bbox 691 1109 913 1196; x_wconf 71' lang='lat' dir='ltr'><strong>paropsidem,</strong></span> <span class='ocrx_word' id='word_1_73' title='bbox 948 1101 1136 1186; x_wconf 68' lang='lat' dir='ltr'><strong>divinitatio</strong></span> 
     </span>
     <span class='ocr_line' id='line_1_11' title="bbox 42 1187 1134 1280; baseline -0.004 -28"><span class='ocrx_word' id='word_1_74' title='bbox 42 1187 156 1280; x_wconf 78' lang='lat' dir='ltr'><strong>Christi</strong></span> <span class='ocrx_word' id='word_1_75' title='bbox 179 1207 248 1259; x_wconf 87' lang='lat' dir='ltr'><strong>erat</strong></span> <span class='ocrx_word' id='word_1_76' title='bbox 269 1193 530 1280; x_wconf 67' lang='lat' dir='ltr'>contemplator:</span> <span class='ocrx_word' id='word_1_77' title='bbox 552 1214 641 1256; x_wconf 85' lang='lat' dir='ltr'><strong>unua</strong></span> <span class='ocrx_word' id='word_1_78' title='bbox 659 1214 776 1258; x_wconf 77' lang='lat' dir='ltr'><strong>avarus</strong></span> <span class='ocrx_word' id='word_1_79' title='bbox 792 1189 946 1270; x_wconf 82' lang='lat' dir='ltr'><strong>vendidit</strong></span> <span class='ocrx_word' id='word_1_80' title='bbox 961 1187 1134 1254; x_wconf 85' lang='lat' dir='ltr'><strong>hominem</strong></span> 
     </span>
     <span class='ocr_line' id='line_1_12' title="bbox 40 1272 1133 1362; baseline 0 -29"><span class='ocrx_word' id='word_1_81' title='bbox 40 1273 240 1349; x_wconf 84' lang='lat' dir='ltr'><strong>Dominum,</strong></span> <span class='ocrx_word' id='word_1_82' title='bbox 263 1277 344 1339; x_wconf 85' lang='lat' dir='ltr'><strong>alter</strong></span> <span class='ocrx_word' id='word_1_83' title='bbox 358 1277 550 1361; x_wconf 86' lang='lat' dir='ltr'><strong>Theologus</strong></span> <span class='ocrx_word' id='word_1_84' title='bbox 566 1274 726 1362; x_wconf 77' lang='lat' dir='ltr'><strong>cognovit</strong></span> <span class='ocrx_word' id='word_1_85' title='bbox 741 1273 924 1353; x_wconf 77' lang='lat' dir='ltr'><strong>Dominum</strong></span> <span class='ocrx_word' id='word_1_86' title='bbox 942 1272 1133 1350; x_wconf 78' lang='lat' dir='ltr'><strong>hominema</strong></span> 
     </span>
     <span class='ocr_line' id='line_1_13' title="bbox 40 1355 1136 1446; baseline -0.002 -30"><span class='ocrx_word' id='word_1_87' title='bbox 40 1375 123 1420; x_wconf 86' lang='lat' dir='ltr'><strong>unue</strong></span> <span class='ocrx_word' id='word_1_88' title='bbox 152 1356 267 1437; x_wconf 67' lang='lat' dir='ltr'><strong>occulo</strong></span> <span class='ocrx_word' id='word_1_89' title='bbox 301 1358 448 1445; x_wconf 76' lang='lat' dir='ltr'><strong>corporis</strong></span> <span class='ocrx_word' id='word_1_90' title='bbox 471 1379 590 1446; x_wconf 74' lang='lat' dir='ltr'><strong>corpus</strong></span> <span class='ocrx_word' id='word_1_91' title='bbox 611 1357 768 1434; x_wconf 83' lang='lat' dir='ltr'><strong>tradidit,</strong></span> <span class='ocrx_word' id='word_1_92' title='bbox 789 1355 885 1424; x_wconf 76' lang='lat' dir='ltr'><strong>‘alter</strong></span> <span class='ocrx_word' id='word_1_93' title='bbox 907 1357 1021 1426; x_wconf 78' lang='lat' dir='ltr'><strong>osculo</strong></span> <span class='ocrx_word' id='word_1_94' title='bbox 1043 1373 1136 1416; x_wconf 89' lang='lat' dir='ltr'><strong>men·</strong></span> 
     </span>
     <span class='ocr_line' id='line_1_14' title="bbox 41 1435 1137 1522; baseline 0 -24"><span class='ocrx_word' id='word_1_95' title='bbox 41 1435 82 1500; x_wconf 85' lang='lat' dir='ltr'><strong>tie</strong></span> <span class='ocrx_word' id='word_1_96' title='bbox 111 1437 258 1506; x_wconf 87' lang='lat' dir='ltr'><strong>divinam</strong></span> <span class='ocrx_word' id='word_1_97' title='bbox 288 1457 435 1506; x_wconf 83' lang='lat' dir='ltr'><strong>mentem</strong></span> <span class='ocrx_word' id='word_1_98' title='bbox 464 1436 591 1506; x_wconf 86' lang='lat' dir='ltr'><strong>dilexit.</strong></span> <span class='ocrx_word' id='word_1_99' title='bbox 635 1442 711 1514; x_wconf 78' lang='lat' dir='ltr'><strong>Hoc</strong></span> <span class='ocrx_word' id='word_1_100' title='bbox 739 1456 850 1520; x_wconf 78' lang='lat' dir='ltr'><strong>autem</strong></span> <span class='ocrx_word' id='word_1_101' title='bbox 872 1437 966 1518; x_wconf 80' lang='lat' dir='ltr'><strong>dico.</strong></span> <span class='ocrx_word' id='word_1_102' title='bbox 999 1451 1037 1500; x_wconf 90' lang='lat' dir='ltr'><strong>ut</strong></span> <span class='ocrx_word' id='word_1_103' title='bbox 1058 1455 1137 1522; x_wconf 36' lang='lat' dir='ltr'><strong>cog-¹</strong></span> 
     </span>
    </p>
   </div>
   <div class='ocr_carea' id='block_1_3' title="bbox 38 1521 1214 4174">
    <p class='ocr_par' dir='ltr' id='par_1_3' title="bbox 38 1521 1199 3157">
     <span class='ocr_line' id='line_1_15' title="bbox 41 1521 1138 1670; baseline -0.003 -87"><span class='ocrx_word' id='word_1_104' title='bbox 41 1541 154 1662; x_wconf 47' lang='lat' dir='ltr'><strong>{roccae</strong></span> <span class='ocrx_word' id='word_1_105' title='bbox 167 1527 266 1670; x_wconf 61' lang='lat' dir='ltr'><strong>¹guod</strong></span> <span class='ocrx_word' id='word_1_106' title='bbox 287 1545 357 1588; x_wconf 90' lang='lat' dir='ltr'><strong>non</strong></span> <span class='ocrx_word' id='word_1_107' title='bbox 380 1525 531 1588; x_wconf 86' lang='lat' dir='ltr'><strong>locorum</strong></span> <span class='ocrx_word' id='word_1_108' title='bbox 553 1521 744 1598; x_wconf 86' lang='lat' dir='ltr'><strong>intervalla,</strong></span> <span class='ocrx_word' id='word_1_109' title='bbox 767 1523 823 1590; x_wconf 81' lang='lat' dir='ltr'><strong>sed</strong></span> <span class='ocrx_word' id='word_1_110' title='bbox 843 1521 1037 1586; x_wconf 83' lang='lat' dir='ltr'><strong>meritorum</strong></span> <span class='ocrx_word' id='word_1_111' title='bbox 1058 1538 1138 1604; x_wconf 86' lang='lat' dir='ltr'><strong>qua·</strong></span> 
     </span>
     <span class='ocr_line' id='line_1_16' title="bbox 54 1618 145 1670; baseline 0 -6"><span class='ocrx_word' id='word_1_112' title='bbox 54 1618 145 1670; x_wconf 81' lang='lat' dir='ltr'><strong>ttatea</strong></span> 
     </span>
     <span class='ocr_line' id='line_1_17' title="bbox 41 1685 1136 1774; baseline 0.002 -28"><span class='ocrx_word' id='word_1_113' title='bbox 41 1685 195 1774; x_wconf 83' lang='lat' dir='ltr'><strong>elongari.</strong></span> <span class='ocrx_word' id='word_1_114' title='bbox 237 1689 327 1754; x_wconf 87' lang='lat' dir='ltr'><strong>Hinc</strong></span> <span class='ocrx_word' id='word_1_115' title='bbox 350 1693 447 1754; x_wconf 88' lang='lat' dir='ltr'><strong>datur</strong></span> <span class='ocrx_word' id='word_1_116' title='bbox 466 1691 549 1754; x_wconf 91' lang='lat' dir='ltr'><strong>intel</strong></span> <span class='ocrx_word' id='word_1_117' title='bbox 607 1761 608 1764; x_wconf 8' lang='grc' dir='ltr'><strong>Ἴ</strong></span> <span class='ocrx_word' id='word_1_118' title='bbox 634 1711 749 1754; x_wconf 79' lang='lat' dir='ltr'><strong>omnes</strong></span> <span class='ocrx_word' id='word_1_119' title='bbox 767 1688 920 1753; x_wconf 75' lang='lat' dir='ltr'><strong>homines</strong></span> <span class='ocrx_word' id='word_1_120' title='bbox 935 1686 1036 1750; x_wconf 87' lang='lat' dir='ltr'><strong>uniua</strong></span> <span class='ocrx_word' id='word_1_121' title='bbox 1052 1688 1136 1763; x_wconf 84' lang='lat' dir='ltr'><strong>ejua·</strong></span> 
     </span>
     <span class='ocr_line' id='line_1_18' title="bbox 41 1713 1138 1861; baseline -0.003 -29"><span class='ocrx_word' id='word_1_122' title='bbox 41 1768 179 1854; x_wconf 85' lang='lat' dir='ltr'><strong>demque</strong></span> <span class='ocrx_word' id='word_1_123' title='bbox 209 1771 364 1847; x_wconf 80' lang='lat' dir='ltr'><strong>naturae,</strong></span> <span class='ocrx_word' id='word_1_124' title='bbox 394 1771 534 1861; x_wconf 85' lang='lat' dir='ltr'><strong>quaein</strong></span> <span class='ocrx_word' id='word_1_125' title='bbox 559 1713 686 1838; x_wconf 53' lang='lat' dir='ltr'><strong>dinuo</strong></span> <span class='ocrx_word' id='word_1_126' title='bbox 709 1775 855 1836; x_wconf 77' lang='lat' dir='ltr'><strong>redemta</strong></span> <span class='ocrx_word' id='word_1_127' title='bbox 879 1770 940 1846; x_wconf 85' lang='lat' dir='ltr'><strong>est,</strong></span> <span class='ocrx_word' id='word_1_128' title='bbox 974 1767 1138 1854; x_wconf 81' lang='lat' dir='ltr'><strong>omnique‘</strong></span> 
     </span>
     <span class='ocr_line' id='line_1_19' title="bbox 43 1849 1138 1940; baseline 0.001 -29"><span class='ocrx_word' id='word_1_129' title='bbox 43 1849 215 1929; x_wconf 81' lang='lat' dir='ltr'><strong>servitute,</strong></span> <span class='ocrx_word' id='word_1_130' title='bbox 246 1855 304 1926; x_wconf 78' lang='lat' dir='ltr'><strong>rub</strong></span> <span class='ocrx_word' id='word_1_131' title='bbox 333 1877 398 1940; x_wconf 88' lang='lat' dir='ltr'><strong>qua</strong></span> <span class='ocrx_word' id='word_1_132' title='bbox 420 1859 529 1936; x_wconf 84' lang='lat' dir='ltr'><strong>adhuc</strong></span> <span class='ocrx_word' id='word_1_133' title='bbox 550 1854 770 1940; x_wconf 78' lang='lat' dir='ltr'><strong>congemiscit</strong></span> <span class='ocrx_word' id='word_1_134' title='bbox 792 1871 825 1916; x_wconf 91' lang='lat' dir='ltr'><strong>et</strong></span> <span class='ocrx_word' id='word_1_135' title='bbox 847 1853 956 1928; x_wconf 87' lang='lat' dir='ltr'><strong>dolet,</strong></span> <span class='ocrx_word' id='word_1_136' title='bbox 987 1852 1138 1930; x_wconf 52' lang='lat' dir='ltr'><strong>liberata2&#39;</strong></span> 
     </span>
     <span class='ocr_line' id='line_1_20' title="bbox 38 1931 1199 2021; baseline -0.002 -25"><span class='ocrx_word' id='word_1_137' title='bbox 38 1933 316 2021; x_wconf 33' lang='lat' dir='ltr'><strong>participea&#39;ellm</strong></span> <span class='ocrx_word' id='word_1_138' title='bbox 350 1951 384 1998; x_wconf 89' lang='lat' dir='ltr'><strong>et</strong></span> <span class='ocrx_word' id='word_1_139' title='bbox 404 1935 440 2019; x_wconf 77' lang='lat' dir='ltr'><strong>in</strong></span> <span class='ocrx_word' id='word_1_140' title='bbox 465 1958 503 1999; x_wconf 92' lang='lat' dir='ltr'><strong>ea</strong></span> <span class='ocrx_word' id='word_1_141' title='bbox 523 1957 630 1998; x_wconf 88' lang='lat' dir='ltr'><strong>unum</strong></span> <span class='ocrx_word' id='word_1_142' title='bbox 654 1957 769 2000; x_wconf 88' lang='lat' dir='ltr'><strong>omnea</strong></span> <span class='ocrx_word' id='word_1_143' title='bbox 791 1933 968 1998; x_wconf 79' lang='lat' dir='ltr'><strong>lubfiiierea</strong></span> <span class='ocrx_word' id='word_1_144' title='bbox 1003 1931 1137 2005; x_wconf 81' lang='lat' dir='ltr'><strong>merito·¹</strong></span> <span class='ocrx_word' id='word_1_145' title='bbox 1197 1941 1199 1955; x_wconf 90' lang='lat'>&#39;</span> 
     </span>
     <span class='ocr_line' id='line_1_21' title="bbox 39 2010 1137 2104; baseline -0.001 -25"><span class='ocrx_word' id='word_1_146' title='bbox 39 2037 109 2080; x_wconf 89' lang='lat' dir='ltr'><strong>rum</strong></span> <span class='ocrx_word' id='word_1_147' title='bbox 134 2037 214 2080; x_wconf 88' lang='lat' dir='ltr'><strong>vero</strong></span> <span class='ocrx_word' id='word_1_148' title='bbox 237 2017 411 2104; x_wconf 75' lang='lat' dir='ltr'><strong>qualitates</strong></span> <span class='ocrx_word' id='word_1_149' title='bbox 433 2033 468 2082; x_wconf 90' lang='lat' dir='ltr'><strong>et</strong></span> <span class='ocrx_word' id='word_1_150' title='bbox 489 2016 710 2102; x_wconf 80' lang='lat' dir='ltr'><strong>quantitates.</strong></span> <span class='ocrx_word' id='word_1_151' title='bbox 747 2019 813 2082; x_wconf 93' lang='lat' dir='ltr'><strong>hoc</strong></span> <span class='ocrx_word' id='word_1_152' title='bbox 834 2017 877 2080; x_wconf 84' lang='lat' dir='ltr'><strong>est</strong></span> <span class='ocrx_word' id='word_1_153' title='bbox 897 2019 1063 2079; x_wconf 86' lang='lat' dir='ltr'><strong>bonorum</strong></span> <span class='ocrx_word' id='word_1_154' title='bbox 1087 2010 1137 2078; x_wconf 59' lang='lat' dir='ltr'><strong>aci</strong></span> 
     </span>
     <span class='ocr_line' id='line_1_22' title="bbox 41 2086 1138 2198; baseline 0.002 -39"><span class='ocrx_word' id='word_1_155' title='bbox 41 2111 134 2162; x_wconf 87' lang='lat' dir='ltr'><strong>tuum</strong></span> <span class='ocrx_word' id='word_1_156' title='bbox 161 2101 394 2198; x_wconf 78' lang='lat' dir='ltr'><strong>malorumque</strong></span> <span class='ocrx_word' id='word_1_157' title='bbox 428 2086 647 2174; x_wconf 58' lang='lat' dir='ltr'><strong>differemus,</strong></span> <span class='ocrx_word' id='word_1_158' title='bbox 687 2096 808 2186; x_wconf 83' lang='lat' dir='ltr'><strong>quibua</strong></span> <span class='ocrx_word' id='word_1_159' title='bbox 836 2096 1068 2184; x_wconf 73' lang='lat' dir='ltr'><strong>unusquisque</strong></span> <span class='ocrx_word' id='word_1_160' title='bbox 1099 2095 1138 2162; x_wconf 84' lang='lat' dir='ltr'><strong>itt</strong></span> 
     </span>
     <span class='ocr_line' id='line_1_23' title="bbox 38 2179 1137 2268; baseline 0.002 -26"><span class='ocrx_word' id='word_1_161' title='bbox 38 2181 96 2246; x_wconf 87' lang='lat' dir='ltr'><strong>hac</strong></span> <span class='ocrx_word' id='word_1_162' title='bbox 118 2179 188 2246; x_wconf 88' lang='lat' dir='ltr'><strong>vita</strong></span> <span class='ocrx_word' id='word_1_163' title='bbox 210 2185 296 2247; x_wconf 86' lang='lat' dir='ltr'><strong>bene</strong></span> <span class='ocrx_word' id='word_1_164' title='bbox 317 2183 578 2262; x_wconf 83' lang='lat' dir='ltr'><strong>vrxit‚.adjutua</strong></span> <span class='ocrx_word' id='word_1_165' title='bbox 601 2185 673 2246; x_wconf 92' lang='lat' dir='ltr'><strong>Deo</strong></span> <span class='ocrx_word' id='word_1_166' title='bbox 695 2203 755 2268; x_wconf 86' lang='lat' dir='ltr'><strong>per</strong></span> <span class='ocrx_word' id='word_1_167' title='bbox 777 2181 914 2267; x_wconf 85' lang='lat' dir='ltr'><strong>gratiam</strong></span> <span class='ocrx_word' id='word_1_168' title='bbox 928 2181 1018 2255; x_wconf 73' lang='lat' dir='ltr'><strong>„seu</strong></span> <span class='ocrx_word' id='word_1_169' title='bbox 1038 2181 1137 2258; x_wconf 75' lang='lat' dir='ltr'><strong>male,</strong></span> 
     </span>
     <span class='ocr_line' id='line_1_24' title="bbox 42 2257 1137 2364; baseline -0.001 -38"><span class='ocrx_word' id='word_1_170' title='bbox 42 2265 185 2328; x_wconf 78' lang='lat' dir='ltr'><strong>desertus</strong></span> <span class='ocrx_word' id='word_1_171' title='bbox 210 2269 283 2330; x_wconf 86' lang='lat' dir='ltr'><strong>Deo</strong></span> <span class='ocrx_word' id='word_1_172' title='bbox 305 2289 364 2364; x_wconf 80' lang='lat' dir='ltr'><strong>per</strong></span> <span class='ocrx_word' id='word_1_173' title='bbox 383 2265 559 2350; x_wconf 84' lang='lat' dir='ltr'><strong>justitiam,</strong></span> <span class='ocrx_word' id='word_1_174' title='bbox 586 2263 687 2363; x_wconf 78' lang='lat' dir='ltr'><strong>longe</strong></span> <span class='ocrx_word' id='word_1_175' title='bbox 709 2263 781 2340; x_wconf 77' lang='lat' dir='ltr'><strong>ase</strong></span> <span class='ocrx_word' id='word_1_176' title='bbox 802 2263 949 2328; x_wconf 84' lang='lat' dir='ltr'><strong>invicem</strong></span> <span class='ocrx_word' id='word_1_177' title='bbox 972 2280 1006 2326; x_wconf 94' lang='lat' dir='ltr'><strong>et</strong></span> <span class='ocrx_word' id='word_1_178' title='bbox 1026 2257 1137 2343; x_wconf 70' lang='lat' dir='ltr'><strong>multi·¹</strong></span> 
     </span>
     <span class='ocr_line' id='line_1_25' title="bbox 40 2344 1138 2440; baseline 0.004 -32"><span class='ocrx_word' id='word_1_179' title='bbox 40 2346 170 2440; x_wconf 79' lang='lat' dir='ltr'><strong>pliciter</strong></span> <span class='ocrx_word' id='word_1_180' title='bbox 192 2365 226 2413; x_wconf 88' lang='lat' dir='ltr'><strong>et</strong></span> <span class='ocrx_word' id='word_1_181' title='bbox 245 2348 282 2413; x_wconf 91' lang='lat' dir='ltr'><strong>in</strong></span> <span class='ocrx_word' id='word_1_182' title='bbox 304 2349 476 2414; x_wconf 77' lang='lat' dir='ltr'><strong>infinitum</strong></span> <span class='ocrx_word' id='word_1_183' title='bbox 501 2350 669 2435; x_wconf 74' lang='lat' dir='ltr'><strong>disparari.</strong></span> <span class='ocrx_word' id='word_1_184' title='bbox 714 2347 836 2412; x_wconf 73' lang='lat' dir='ltr'><strong>Omnia</strong></span> <span class='ocrx_word' id='word_1_185' title='bbox 863 2362 974 2414; x_wconf 82' lang='lat' dir='ltr'><strong>autem</strong></span> <span class='ocrx_word' id='word_1_186' title='bbox 997 2349 1078 2409; x_wconf 89' lang='lat' dir='ltr'><strong>haec</strong></span> <span class='ocrx_word' id='word_1_187' title='bbox 1100 2344 1138 2412; x_wconf 88' lang='lat' dir='ltr'><strong>in</strong></span> 
     </span>
     <span class='ocr_line' id='line_1_26' title="bbox 40 2425 1137 2518; baseline 0.004 -30"><span class='ocrx_word' id='word_1_188' title='bbox 40 2429 92 2492; x_wconf 80' lang='lat' dir='ltr'><strong>alla</strong></span> <span class='ocrx_word' id='word_1_189' title='bbox 112 2453 180 2498; x_wconf 76' lang='lat' dir='ltr'><strong>una</strong></span> <span class='ocrx_word' id='word_1_190' title='bbox 196 2447 238 2518; x_wconf 68' lang='lat' dir='ltr'><strong>⁴et</strong></span> <span class='ocrx_word' id='word_1_191' title='bbox 259 2431 450 2518; x_wconf 85' lang='lat' dir='ltr'><strong>ampliffima</strong></span> <span class='ocrx_word' id='word_1_192' title='bbox 474 2435 574 2510; x_wconf 90' lang='lat' dir='ltr'><strong>domo</strong></span> <span class='ocrx_word' id='word_1_193' title='bbox 597 2429 744 2495; x_wconf 89' lang='lat' dir='ltr'><strong>ordinari</strong></span> <span class='ocrx_word' id='word_1_194' title='bbox 766 2445 801 2497; x_wconf 86' lang='lat' dir='ltr'><strong>et</strong></span> <span class='ocrx_word' id='word_1_195' title='bbox 826 2425 1076 2516; x_wconf 82' lang='lat' dir='ltr'><strong>compiehendi,</strong></span> <span class='ocrx_word' id='word_1_196' title='bbox 1099 2427 1137 2506; x_wconf 84' lang='lat' dir='ltr'><strong>in</strong></span> 
     </span>
     <span class='ocr_line' id='line_1_27' title="bbox 42 2511 1136 2608; baseline 0.002 -34"><span class='ocrx_word' id='word_1_197' title='bbox 42 2533 102 2596; x_wconf 86' lang='lat' dir='ltr'><strong>qua</strong></span> <span class='ocrx_word' id='word_1_198' title='bbox 121 2512 309 2601; x_wconf 77' lang='lat' dir='ltr'><strong>reapubliea</strong></span> <span class='ocrx_word' id='word_1_199' title='bbox 330 2513 550 2600; x_wconf 72' lang='lat' dir='ltr'><strong>universitatis</strong></span> <span class='ocrx_word' id='word_1_200' title='bbox 573 2536 591 2580; x_wconf 88' lang='lat' dir='ltr'><strong>a</strong></span> <span class='ocrx_word' id='word_1_201' title='bbox 612 2517 685 2576; x_wconf 88' lang='lat' dir='ltr'><strong>Deo</strong></span> <span class='ocrx_word' id='word_1_202' title='bbox 709 2527 743 2576; x_wconf 92' lang='lat' dir='ltr'><strong>et</strong></span> <span class='ocrx_word' id='word_1_203' title='bbox 763 2511 800 2576; x_wconf 90' lang='lat' dir='ltr'><strong>in</strong></span> <span class='ocrx_word' id='word_1_204' title='bbox 822 2515 895 2579; x_wconf 88' lang='lat' dir='ltr'><strong>Deo</strong></span> <span class='ocrx_word' id='word_1_205' title='bbox 920 2511 1057 2578; x_wconf 88' lang='lat' dir='ltr'><strong>condita</strong></span> <span class='ocrx_word' id='word_1_206' title='bbox 1075 2533 1136 2608; x_wconf 75' lang='lat' dir='ltr'><strong>per</strong></span> 
     </span>
     <span class='ocr_line' id='line_1_28' title="bbox 41 2593 1135 2694; baseline 0 -36"><span class='ocrx_word' id='word_1_207' title='bbox 41 2595 157 2662; x_wconf 83' lang='lat' dir='ltr'><strong>multae</strong></span> <span class='ocrx_word' id='word_1_208' title='bbox 183 2597 391 2684; x_wconf 77' lang='lat' dir='ltr'><strong>diversasque</strong></span> <span class='ocrx_word' id='word_1_209' title='bbox 412 2597 597 2694; x_wconf 73' lang='lat' dir='ltr'><strong>dispensata</strong></span> <span class='ocrx_word' id='word_1_210' title='bbox 618 2595 820 2669; x_wconf 69' lang='lat' dir='ltr'><strong>machonem</strong></span> <span class='ocrx_word' id='word_1_211' title='bbox 850 2599 916 2660; x_wconf 90' lang='lat' dir='ltr'><strong>hoc</strong></span> <span class='ocrx_word' id='word_1_212' title='bbox 938 2593 981 2656; x_wconf 85' lang='lat' dir='ltr'><strong>est</strong></span> <span class='ocrx_word' id='word_1_213' title='bbox 1002 2611 1135 2658; x_wconf 86' lang='lat' dir='ltr'><strong>mento·</strong></span> 
     </span>
     <span class='ocr_line' id='line_1_29' title="bbox 42 2675 1133 2777; baseline -0.001 -36"><span class='ocrx_word' id='word_1_214' title='bbox 42 2697 111 2744; x_wconf 88' lang='lat' dir='ltr'><strong>rum</strong></span> <span class='ocrx_word' id='word_1_215' title='bbox 143 2695 178 2744; x_wconf 90' lang='lat' dir='ltr'><strong>et</strong></span> <span class='ocrx_word' id='word_1_216' title='bbox 201 2679 381 2777; x_wconf 72' lang='lat' dir='ltr'><strong>gratiarum</strong></span> <span class='ocrx_word' id='word_1_217' title='bbox 404 2678 643 2746; x_wconf 72' lang='lat' dir='ltr'><strong>ordinationes.</strong></span> <span class='ocrx_word' id='word_1_218' title='bbox 687 2681 815 2741; x_wconf 78' lang='lat' dir='ltr'><strong>Domus</strong></span> <span class='ocrx_word' id='word_1_219' title='bbox 836 2676 892 2740; x_wconf 91' lang='lat' dir='ltr'><strong>illa</strong></span> <span class='ocrx_word' id='word_1_220' title='bbox 915 2675 1060 2741; x_wconf 76' lang='lat' dir='ltr'><strong>Christus</strong></span> <span class='ocrx_word' id='word_1_221' title='bbox 1083 2675 1133 2754; x_wconf 64' lang='lat' dir='ltr'><strong>cll</strong></span> 
     </span>
     <span class='ocr_line' id='line_1_30' title="bbox 63 2757 1135 2846; baseline -0.002 -22"><span class='ocrx_word' id='word_1_222' title='bbox 63 2761 96 2824; x_wconf 85' lang='lat' dir='ltr'><strong>ui</strong></span> <span class='ocrx_word' id='word_1_223' title='bbox 117 2784 230 2828; x_wconf 72' lang='lat' dir='ltr'><strong>omnia</strong></span> <span class='ocrx_word' id='word_1_224' title='bbox 253 2763 356 2828; x_wconf 89' lang='lat' dir='ltr'><strong>ambit</strong></span> <span class='ocrx_word' id='word_1_225' title='bbox 377 2762 518 2845; x_wconf 73' lang='lat' dir='ltr'><strong>virtute,</strong></span> <span class='ocrx_word' id='word_1_226' title='bbox 547 2757 698 2846; x_wconf 77' lang='lat' dir='ltr'><strong>disponit</strong></span> <span class='ocrx_word' id='word_1_227' title='bbox 718 2758 950 2845; x_wconf 83' lang='lat' dir='ltr'><strong>providentia.</strong></span> <span class='ocrx_word' id='word_1_228' title='bbox 982 2781 1017 2824; x_wconf 89' lang='lat' dir='ltr'><strong>re</strong></span> <span class='ocrx_word' id='word_1_229' title='bbox 1042 2758 1069 2820; x_wconf 90' lang='lat' dir='ltr'><strong>it</strong></span> <span class='ocrx_word' id='word_1_230' title='bbox 1088 2763 1135 2838; x_wconf 88' lang='lat' dir='ltr'><strong>ju·</strong></span> 
     </span>
     <span class='ocr_line' id='line_1_31' title="bbox 42 2779 1135 2926; baseline 0.002 -22"><span class='ocrx_word' id='word_1_231' title='bbox 42 2779 140 2920; x_wconf 76' lang='lat' dir='ltr'><strong>litia.</strong></span> <span class='ocrx_word' id='word_1_232' title='bbox 173 2863 270 2910; x_wconf 89' lang='lat' dir='ltr'><strong>ornat</strong></span> <span class='ocrx_word' id='word_1_233' title='bbox 313 2844 413 2918; x_wconf 79' lang='lat' dir='ltr'><strong>tatia,</strong></span> <span class='ocrx_word' id='word_1_234' title='bbox 448 2841 601 2910; x_wconf 88' lang='lat' dir='ltr'><strong>continet</strong></span> <span class='ocrx_word' id='word_1_235' title='bbox 625 2841 838 2914; x_wconf 82' lang='lat' dir='ltr'><strong>aeternitate.</strong></span> <span class='ocrx_word' id='word_1_236' title='bbox 873 2841 991 2926; x_wconf 87' lang='lat' dir='ltr'><strong>implet</strong></span> <span class='ocrx_word' id='word_1_237' title='bbox 1012 2781 1135 2925; x_wconf 49' lang='lat' dir='ltr'><strong>{pien-</strong></span> 
     </span>
     <span class='ocr_line' id='line_1_32' title="bbox 41 2869 1135 3016; baseline -0.002 -28"><span class='ocrx_word' id='word_1_238' title='bbox 41 2924 103 3000; x_wconf 83' lang='lat' dir='ltr'><strong>tia,</strong></span> <span class='ocrx_word' id='word_1_239' title='bbox 128 2929 261 3014; x_wconf 86' lang='lat' dir='ltr'><strong>perficit</strong></span> <span class='ocrx_word' id='word_1_240' title='bbox 283 2869 518 3001; x_wconf 64' lang='lat' dir='ltr'><strong>deificatione3</strong></span> <span class='ocrx_word' id='word_1_241' title='bbox 540 2929 688 3011; x_wconf 83' lang='lat' dir='ltr'><strong>qnoniam</strong></span> <span class='ocrx_word' id='word_1_242' title='bbox 711 2949 753 2988; x_wconf 72' lang='lat' dir='ltr'><strong>eor</strong></span> <span class='ocrx_word' id='word_1_243' title='bbox 774 2917 863 3014; x_wconf 82' lang='lat' dir='ltr'><strong>ipso,</strong></span> <span class='ocrx_word' id='word_1_244' title='bbox 887 2939 922 2988; x_wconf 81' lang='lat' dir='ltr'><strong>at</strong></span> <span class='ocrx_word' id='word_1_245' title='bbox 939 2945 1000 3006; x_wconf 82' lang='lat' dir='ltr'><strong>par</strong></span> <span class='ocrx_word' id='word_1_246' title='bbox 1021 2917 1135 3016; x_wconf 78' lang='lat' dir='ltr'><strong>ipsunt,</strong></span> 
     </span>
     <span class='ocr_line' id='line_1_33' title="bbox 43 3005 722 3157; baseline 0 -85"><span class='ocrx_word' id='word_1_247' title='bbox 43 3023 75 3072; x_wconf 80' lang='lat' dir='ltr'><strong>et</strong></span> <span class='ocrx_word' id='word_1_248' title='bbox 96 3013 128 3073; x_wconf 84' lang='lat' dir='ltr'><strong>in</strong></span> <span class='ocrx_word' id='word_1_249' title='bbox 149 3007 240 3100; x_wconf 84' lang='lat' dir='ltr'><strong>ipso,</strong></span> <span class='ocrx_word' id='word_1_250' title='bbox 265 3013 365 3075; x_wconf 84' lang='lat' dir='ltr'><strong>etad</strong></span> <span class='ocrx_word' id='word_1_251' title='bbox 385 3005 584 3157; x_wconf 52' lang='lat' dir='ltr'><strong>ipsumdsunt</strong></span> <span class='ocrx_word' id='word_1_252' title='bbox 603 3011 722 3074; x_wconf 80' lang='lat' dir='ltr'><strong>omnia.</strong></span> 
     </span>
    </p>

    <p class='ocr_par' dir='ltr' id='par_1_4' title="bbox 43 3087 1214 4174">
     <span class='ocr_line' id='line_1_34' title="bbox 98 3087 1135 3178; baseline -0.005 -19"><span class='ocrx_word' id='word_1_253' title='bbox 98 3109 148 3170; x_wconf 79' lang='lat'><strong>37.</strong></span> <span class='ocrx_word' id='word_1_254' title='bbox 181 3099 223 3159; x_wconf 92' lang='lat' dir='ltr'><strong>D.</strong></span> <span class='ocrx_word' id='word_1_255' title='bbox 253 3095 348 3178; x_wconf 82' lang='lat' dir='ltr'><strong>Quae</strong></span> <span class='ocrx_word' id='word_1_256' title='bbox 376 3115 394 3157; x_wconf 82' lang='lat' dir='ltr'><strong>a</strong></span> <span class='ocrx_word' id='word_1_257' title='bbox 424 3110 456 3156; x_wconf 89' lang='lat' dir='ltr'><strong>te</strong></span> <span class='ocrx_word' id='word_1_258' title='bbox 512 3092 690 3165; x_wconf 74' lang='lat' dir='ltr'><strong>ictorum,</strong></span> <span class='ocrx_word' id='word_1_259' title='bbox 721 3105 812 3154; x_wconf 85' lang='lat' dir='ltr'><strong>recta</strong></span> <span class='ocrx_word' id='word_1_260' title='bbox 836 3089 903 3154; x_wconf 87' lang='lat' dir='ltr'><strong>fide</strong></span> <span class='ocrx_word' id='word_1_261' title='bbox 924 3087 1135 3154; x_wconf 68' lang='lat' dir='ltr'><strong>credentibus</strong></span> 
     </span>
     <span class='ocr_line' id='line_1_35' title="bbox 43 3169 1135 3264; baseline -0.002 -28"><span class='ocrx_word' id='word_1_262' title='bbox 43 3190 198 3264; x_wconf 84' lang='lat' dir='ltr'><strong>rectoque</strong></span> <span class='ocrx_word' id='word_1_263' title='bbox 228 3175 357 3240; x_wconf 88' lang='lat' dir='ltr'><strong>intuitu</strong></span> <span class='ocrx_word' id='word_1_264' title='bbox 377 3198 488 3240; x_wconf 86' lang='lat' dir='ltr'><strong>rerum</strong></span> <span class='ocrx_word' id='word_1_265' title='bbox 509 3189 642 3240; x_wconf 83' lang='lat' dir='ltr'><strong>naturae</strong></span> <span class='ocrx_word' id='word_1_266' title='bbox 663 3169 964 3260; x_wconf 82' lang='lat' dir='ltr'><strong>perspicientibua‚</strong></span> <span class='ocrx_word' id='word_1_267' title='bbox 997 3193 1067 3236; x_wconf 92' lang='lat' dir='ltr'><strong>non</strong></span> <span class='ocrx_word' id='word_1_268' title='bbox 1090 3171 1135 3235; x_wconf 83' lang='lat' dir='ltr'><strong>io·</strong></span> 
     </span>
     <span class='ocr_line' id='line_1_36' title="bbox 43 3255 1133 3342; baseline 0 -24"><span class='ocrx_word' id='word_1_269' title='bbox 43 3257 108 3322; x_wconf 85' lang='lat' dir='ltr'><strong>lum</strong></span> <span class='ocrx_word' id='word_1_270' title='bbox 127 3257 360 3334; x_wconf 84' lang='lat' dir='ltr'><strong>rationabilia,</strong></span> <span class='ocrx_word' id='word_1_271' title='bbox 382 3281 500 3324; x_wconf 86' lang='lat' dir='ltr'><strong>rerum</strong></span> <span class='ocrx_word' id='word_1_272' title='bbox 522 3256 621 3322; x_wconf 89' lang='lat' dir='ltr'><strong>etiam</strong></span> <span class='ocrx_word' id='word_1_273' title='bbox 642 3255 830 3322; x_wconf 81' lang='lat' dir='ltr'><strong>verifimilia</strong></span> <span class='ocrx_word' id='word_1_274' title='bbox 851 3258 1041 3342; x_wconf 85' lang='lat' dir='ltr'><strong>probantur</strong></span> <span class='ocrx_word' id='word_1_275' title='bbox 1056 3255 1133 3318; x_wconf 84' lang='lat' dir='ltr'><strong>elle:</strong></span> 
     </span>
     <span class='ocr_line' id='line_1_37' title="bbox 44 3336 1136 3427; baseline 0 -25"><span class='ocrx_word' id='word_1_276' title='bbox 44 3341 190 3424; x_wconf 87' lang='lat' dir='ltr'><strong>quamvia</strong></span> <span class='ocrx_word' id='word_1_277' title='bbox 220 3341 293 3416; x_wconf 83' lang='lat' dir='ltr'><strong>hia.</strong></span> <span class='ocrx_word' id='word_1_278' title='bbox 329 3341 387 3427; x_wconf 88' lang='lat' dir='ltr'><strong>qui</strong></span> <span class='ocrx_word' id='word_1_279' title='bbox 416 3339 502 3406; x_wconf 88' lang='lat' dir='ltr'><strong>nihil</strong></span> <span class='ocrx_word' id='word_1_280' title='bbox 529 3339 590 3404; x_wconf 85' lang='lat' dir='ltr'><strong>elle</strong></span> <span class='ocrx_word' id='word_1_281' title='bbox 620 3337 709 3404; x_wconf 83' lang='lat' dir='ltr'><strong>inter</strong></span> <span class='ocrx_word' id='word_1_282' title='bbox 732 3360 791 3412; x_wconf 81' lang='lat' dir='ltr'><strong>ea,</strong></span> <span class='ocrx_word' id='word_1_283' title='bbox 828 3359 913 3424; x_wconf 89' lang='lat' dir='ltr'><strong>quae</strong></span> <span class='ocrx_word' id='word_1_284' title='bbox 932 3336 1083 3403; x_wconf 81' lang='lat' dir='ltr'><strong>localiter</strong></span> <span class='ocrx_word' id='word_1_285' title='bbox 1104 3351 1136 3402; x_wconf 80' lang='lat' dir='ltr'><strong>et</strong></span> 
     </span>
     <span class='ocr_line' id='line_1_38' title="bbox 45 3419 1135 3522; baseline -0.003 -36"><span class='ocrx_word' id='word_1_286' title='bbox 45 3425 268 3522; x_wconf 76' lang='lat' dir='ltr'><strong>temporaliter</strong></span> <span class='ocrx_word' id='word_1_287' title='bbox 294 3421 382 3488; x_wconf 88' lang='lat' dir='ltr'><strong>intra</strong></span> <span class='ocrx_word' id='word_1_288' title='bbox 402 3426 495 3489; x_wconf 86' lang='lat' dir='ltr'><strong>hunc</strong></span> <span class='ocrx_word' id='word_1_289' title='bbox 514 3425 680 3489; x_wconf 88' lang='lat' dir='ltr'><strong>mundum</strong></span> <span class='ocrx_word' id='word_1_290' title='bbox 704 3419 885 3486; x_wconf 82' lang='lat' dir='ltr'><strong>ienfibilem</strong></span> <span class='ocrx_word' id='word_1_291' title='bbox 907 3421 1135 3498; x_wconf 80' lang='lat' dir='ltr'><strong>continentur,</strong></span> 
     </span>
     <span class='ocr_line' id='line_1_39' title="bbox 46 3502 1138 3590; baseline 0.004 -22"><span class='ocrx_word' id='word_1_292' title='bbox 46 3523 209 3590; x_wconf 76' lang='lat' dir='ltr'><strong>cogitant,</strong></span> <span class='ocrx_word' id='word_1_293' title='bbox 242 3505 453 3572; x_wconf 88' lang='lat' dir='ltr'><strong>incredibilia</strong></span> <span class='ocrx_word' id='word_1_294' title='bbox 475 3528 513 3575; x_wconf 81' lang='lat' dir='ltr'><strong>ac</strong></span> <span class='ocrx_word' id='word_1_295' title='bbox 532 3503 639 3570; x_wconf 81' lang='lat' dir='ltr'><strong>veluti</strong></span> <span class='ocrx_word' id='word_1_296' title='bbox 661 3527 746 3568; x_wconf 85' lang='lat' dir='ltr'><strong>vana</strong></span> <span class='ocrx_word' id='word_1_297' title='bbox 768 3502 983 3569; x_wconf 87' lang='lat' dir='ltr'><strong>deliramenta</strong></span> <span class='ocrx_word' id='word_1_298' title='bbox 1003 3503 1138 3573; x_wconf 79' lang='lat' dir='ltr'><strong>videan-</strong></span> 
     </span>
     <span class='ocr_line' id='line_1_40' title="bbox 44 3585 1138 3664; baseline 0.004 -16"><span class='ocrx_word' id='word_1_299' title='bbox 44 3599 107 3664; x_wconf 68' lang='lat' dir='ltr'><strong>tort</strong></span> <span class='ocrx_word' id='word_1_300' title='bbox 137 3589 337 3658; x_wconf 75' lang='lat' dir='ltr'><strong>affirmanter</strong></span> <span class='ocrx_word' id='word_1_301' title='bbox 374 3591 467 3657; x_wconf 83' lang='lat' dir='ltr'><strong>hunc</strong></span> <span class='ocrx_word' id='word_1_302' title='bbox 486 3591 653 3654; x_wconf 88' lang='lat' dir='ltr'><strong>mundum</strong></span> <span class='ocrx_word' id='word_1_303' title='bbox 671 3585 856 3654; x_wconf 83' lang='lat' dir='ltr'><strong>senlibilem</strong></span> <span class='ocrx_word' id='word_1_304' title='bbox 875 3585 912 3652; x_wconf 87' lang='lat' dir='ltr'><strong>in</strong></span> <span class='ocrx_word' id='word_1_305' title='bbox 933 3586 1005 3650; x_wconf 83' lang='lat' dir='ltr'><strong>luae</strong></span> <span class='ocrx_word' id='word_1_306' title='bbox 1027 3587 1138 3652; x_wconf 82' lang='lat' dir='ltr'><strong>causae</strong></span> 
     </span>
     <span class='ocr_line' id='line_1_41' title="bbox 44 3666 1139 3768; baseline 0.001 -36"><span class='ocrx_word' id='word_1_307' title='bbox 44 3691 108 3736; x_wconf 88' lang='lat' dir='ltr'><strong>non</strong></span> <span class='ocrx_word' id='word_1_308' title='bbox 128 3675 337 3748; x_wconf 81' lang='lat' dir='ltr'><strong>rediturum,</strong></span> <span class='ocrx_word' id='word_1_309' title='bbox 370 3693 480 3760; x_wconf 88' lang='lat' dir='ltr'><strong>neque</strong></span> <span class='ocrx_word' id='word_1_310' title='bbox 500 3669 636 3758; x_wconf 77' lang='lat' dir='ltr'><strong>penitus</strong></span> <span class='ocrx_word' id='word_1_311' title='bbox 651 3666 864 3768; x_wconf 70' lang='lat' dir='ltr'><strong>periturum,</strong></span> <span class='ocrx_word' id='word_1_312' title='bbox 897 3667 954 3731; x_wconf 84' lang='lat' dir='ltr'><strong>sed</strong></span> <span class='ocrx_word' id='word_1_313' title='bbox 973 3667 1040 3732; x_wconf 84' lang='lat' dir='ltr'><strong>[uia</strong></span> <span class='ocrx_word' id='word_1_314' title='bbox 1062 3689 1139 3756; x_wconf 79' lang='lat' dir='ltr'><strong>qut·</strong></span> 
     </span>
     <span class='ocr_line' id='line_1_42' title="bbox 44 3751 1137 3841; baseline 0.005 -27"><span class='ocrx_word' id='word_1_315' title='bbox 44 3751 189 3824; x_wconf 89' lang='lat' dir='ltr'><strong>litatibua</strong></span> <span class='ocrx_word' id='word_1_316' title='bbox 209 3755 417 3822; x_wconf 84' lang='lat' dir='ltr'><strong>solummodo</strong></span> <span class='ocrx_word' id='word_1_317' title='bbox 439 3753 636 3841; x_wconf 76' lang='lat' dir='ltr'><strong>permutatis</strong></span> <span class='ocrx_word' id='word_1_318' title='bbox 654 3775 694 3816; x_wconf 84' lang='lat' dir='ltr'><strong>an</strong></span> <span class='ocrx_word' id='word_1_319' title='bbox 714 3753 854 3828; x_wconf 83' lang='lat' dir='ltr'><strong>melina,</strong></span> <span class='ocrx_word' id='word_1_320' title='bbox 876 3751 1137 3836; x_wconf 77' lang='lat' dir='ltr'><strong>permansurum,</strong></span> 
     </span>
     <span class='ocr_line' id='line_1_43' title="bbox 45 3828 1138 3924; baseline -0.002 -22"><span class='ocrx_word' id='word_1_321' title='bbox 45 3831 106 3902; x_wconf 79' lang='lat' dir='ltr'><strong>luia</strong></span> <span class='ocrx_word' id='word_1_322' title='bbox 132 3863 191 3907; x_wconf 89' lang='lat' dir='ltr'><strong>cor</strong></span> <span class='ocrx_word' id='word_1_323' title='bbox 216 3839 329 3905; x_wconf 80' lang='lat' dir='ltr'><strong>oribus</strong></span> <span class='ocrx_word' id='word_1_324' title='bbox 358 3838 600 3924; x_wconf 88' lang='lat' dir='ltr'><strong>compofitum,</strong></span> <span class='ocrx_word' id='word_1_325' title='bbox 629 3833 695 3900; x_wconf 83' lang='lat' dir='ltr'><strong>luia</strong></span> <span class='ocrx_word' id='word_1_326' title='bbox 724 3835 808 3902; x_wconf 87' lang='lat' dir='ltr'><strong>locia</strong></span> <span class='ocrx_word' id='word_1_327' title='bbox 838 3833 1036 3912; x_wconf 68' lang='lat' dir='ltr'><strong>discretum,</strong></span> <span class='ocrx_word' id='word_1_328' title='bbox 1070 3828 1138 3907; x_wconf 71' lang='lat' dir='ltr'><strong>suis</strong></span> 
     </span>
     <span class='ocr_line' id='line_1_44' title="bbox 46 3863 1214 4006; baseline -0.003 -24"><span class='ocrx_word' id='word_1_329' title='bbox 46 3863 246 4006; x_wconf 73' lang='lat' dir='ltr'><strong>temporilla</strong></span> <span class='ocrx_word' id='word_1_330' title='bbox 268 3921 477 3996; x_wconf 77' lang='lat' dir='ltr'><strong>distinctum,</strong></span> <span class='ocrx_word' id='word_1_331' title='bbox 500 3919 567 3986; x_wconf 83' lang='lat' dir='ltr'><strong>[uie</strong></span> <span class='ocrx_word' id='word_1_332' title='bbox 590 3917 738 3986; x_wconf 86' lang='lat' dir='ltr'><strong>numeria</strong></span> <span class='ocrx_word' id='word_1_333' title='bbox 758 3917 1038 4006; x_wconf 84' lang='lat' dir='ltr'><strong>multiplicatum,</strong></span> <span class='ocrx_word' id='word_1_334' title='bbox 1071 3913 1139 3988; x_wconf 79' lang='lat' dir='ltr'><strong>luia</strong></span> <span class='ocrx_word' id='word_1_335' title='bbox 1210 3933 1214 3946; x_wconf 74' lang='grc'><em>’</em></span> 
     </span>
     <span class='ocr_line' id='line_1_45' title="bbox 47 3997 1137 4100; baseline 0 -38"><span class='ocrx_word' id='word_1_336' title='bbox 47 4003 303 4072; x_wconf 73' lang='lat' dir='ltr'><strong>extremitatibus</strong></span> <span class='ocrx_word' id='word_1_337' title='bbox 341 4003 504 4074; x_wconf 88' lang='lat' dir='ltr'><strong>ambitum</strong></span> <span class='ocrx_word' id='word_1_338' title='bbox 541 4001 578 4068; x_wconf 88' lang='lat' dir='ltr'><strong>in</strong></span> <span class='ocrx_word' id='word_1_339' title='bbox 606 4016 704 4100; x_wconf 74' lang='lat' dir='ltr'><strong>parte</strong></span> <span class='ocrx_word' id='word_1_340' title='bbox 733 4001 803 4078; x_wconf 82' lang='lat' dir='ltr'><strong>sui,</strong></span> <span class='ocrx_word' id='word_1_341' title='bbox 839 3999 946 4068; x_wconf 83' lang='lat' dir='ltr'><strong>veluti</strong></span> <span class='ocrx_word' id='word_1_342' title='bbox 974 3997 1137 4071; x_wconf 84' lang='lat' dir='ltr'><strong>inferiori.</strong></span> 
     </span>
     <span class='ocr_line' id='line_1_46' title="bbox 47 4083 1139 4174; baseline -0.01 -17"><span class='ocrx_word' id='word_1_343' title='bbox 47 4087 237 4172; x_wconf 70' lang='lat' dir='ltr'><strong>torporibus</strong></span> <span class='ocrx_word' id='word_1_344' title='bbox 263 4086 506 4174; x_wconf 69' lang='lat' dir='ltr'><strong>animabusque</strong></span> <span class='ocrx_word' id='word_1_345' title='bbox 531 4083 714 4173; x_wconf 74' lang='lat' dir='ltr'><strong>impiorum</strong></span> <span class='ocrx_word' id='word_1_346' title='bbox 744 4085 871 4155; x_wconf 86' lang='lat' dir='ltr'><strong>aeterni</strong></span> <span class='ocrx_word' id='word_1_347' title='bbox 901 4083 991 4172; x_wconf 78' lang='lat' dir='ltr'><strong>ignia</strong></span> <span class='ocrx_word' id='word_1_348' title='bbox 1021 4083 1139 4148; x_wconf 83' lang='lat' dir='ltr'><strong>ardore</strong></span> 
     </span>
    </p>
   </div>
   <div class='ocr_carea' id='block_1_4' title="bbox 0 0 1456 4820">
    <p class='ocr_par' dir='ltr' id='par_1_5' title="bbox 0 0 1456 4820">
     <span class='ocr_line' id='line_1_47' title="bbox 0 0 1456 4820; baseline 0 0"><span class='ocrx_word' id='word_1_349' title='bbox 0 0 1456 4820; x_wconf 95' lang='lat' dir='ltr'><strong> </strong></span> 
     </span>
    </p>
   </div>
   <div class='ocr_carea' id='block_1_5' title="bbox 182 1603 1324 1752">
    <p class='ocr_par' dir='ltr' id='par_1_6' title="bbox 182 1603 1324 1752">
     <span class='ocr_line' id='line_1_48' title="bbox 182 1603 1324 1752; baseline -0.005 -82"><span class='ocrx_word' id='word_1_350' title='bbox 182 1605 296 1670; x_wconf 87' lang='lat' dir='ltr'><strong>aciunt</strong></span> <span class='ocrx_word' id='word_1_351' title='bbox 316 1603 489 1672; x_wconf 86' lang='lat' dir='ltr'><strong>hominem</strong></span> <span class='ocrx_word' id='word_1_352' title='bbox 511 1605 777 1752; x_wconf 49' lang='lat' dir='ltr'><strong>appropinquare</strong></span> <span class='ocrx_word' id='word_1_353' title='bbox 799 1603 936 1679; x_wconf 77' lang='lat' dir='ltr'><strong>Christo,</strong></span> <span class='ocrx_word' id='word_1_354' title='bbox 953 1618 1011 1666; x_wconf 90' lang='lat' dir='ltr'><strong>aut</strong></span> <span class='ocrx_word' id='word_1_355' title='bbox 1033 1603 1071 1665; x_wconf 90' lang='lat' dir='ltr'><strong>ab</strong></span> <span class='ocrx_word' id='word_1_356' title='bbox 1095 1619 1135 1664; x_wconf 87' lang='lat' dir='ltr'><strong>eo</strong></span> <span class='ocrx_word' id='word_1_357' title='bbox 1223 1681 1224 1686; x_wconf 5' lang='grc' dir='ltr'>ἵ</span> <span class='ocrx_word' id='word_1_358' title='bbox 1323 1667 1324 1674; x_wconf 16' lang='lat'>¹</span> 
     </span>
     <span class='ocr_line' id='line_1_49' title="bbox 565 1714 574 1752; baseline 0 0"><span class='ocrx_word' id='word_1_359' title='bbox 565 1714 574 1752; x_wconf 95' lang='lat' dir='ltr'><strong>l</strong></span> 
     </span>
    </p>
   </div>
  </div>
 </body>
</html>
