2970 4826
493 214 788 334 meeum.
1043 217 1067 348 j
1116 219 1199 294 aaa

75 427 187 498 quum
207 404 329 494 singuli
348 401 561 472 intuentium
581 403 709 494 quique
728 401 971 493 proprietatem
996 403 1090 472 luam
1109 404 1196 472 obti-

79 505 187 567 nent,
219 491 300 558 dum
320 489 410 556 eirca
430 510 534 556 unam
558 491 768 578 eandemque
788 510 861 554 rem
881 485 1029 554 mirabili
1052 491 1197 576 quadam

16 651 17 660 χ
81 571 289 640 adunatione
308 574 499 639 versanturr
520 571 604 672 quid
624 572 750 638 mirum
770 571 795 636 fi
816 586 887 638 tota
907 574 1056 638 humana
1075 588 1197 640 natura
1279 592 1281 600 ’

16 683 18 744 j
82 656 123 723 in
152 657 317 734 unitatem
339 659 508 758 quandam
530 655 736 722 ineffabilem
756 653 950 742 redigatur,
983 655 1198 744 proprietati·

72 741 145 808 ,hue
167 756 202 806 et
221 761 392 828 corporra,
415 755 450 806 et
470 737 622 816 animae,
646 755 680 804 et
699 737 893 806 intellectae
909 737 1197 806 incommutabili·

25 837 32 850 ·
61 839 133 890 'ter
160 823 464 911 permanentibual
495 823 597 890 Aliud
623 823 815 909 exemplum
847 845 887 887 ex
902 821 1123 894 ,sensibilibus
1144 821 1197 888 in·

16 959 18 996 ¹
78 905 605 1080 sffttttbt‘lbdtit‘
637 905 819 1056 lidii:
838 903 1197 1077 izitlli‘stslss

77 1075 227 1140 Ecclesia
246 1077 370 1140 multae
389 1076 544 1140 lucernae
566 1073 660 1140 simul
681 1075 852 1148 ardenter,
875 1088 971 1138 etex
992 1073 1126 1139 diverfie
1146 1071 1196 1138 se·

77 1157 181 1224 dibua
201 1160 268 1224 lam
295 1161 397 1224 adum
417 1157 606 1246 fulgenteat
627 1177 746 1222 nonne
765 1177 874 1222 unum
895 1157 1012 1222 lumen
1031 1155 1194 1232 efficiunt,
1237 1183 1244 1196 ·

74 1239 122 1308 ita
156 1257 244 1306 utu
283 1243 335 1306 lua
357 1261 539 1330 corporeae
559 1239 673 1306 sensata
693 1241 732 1305 fit
752 1239 812 1338 qui
833 1237 1073 1328 proprietatem
1094 1239 1195 1306 lumi·

72 1323 127 1390 nia
154 1325 363 1412 lingularum
388 1323 583 1412 lampadum
613 1326 653 1390 ab
682 1325 818 1388 alterum
857 1321 988 1390 lumine
1008 1321 1108 1411 poffit
1130 1322 1196 1389 die·

73 1408 242 1474 cerum?
263 1411 315 1474 Eo
338 1423 451 1474 autem
473 1421 672 1496 argumento
694 1407 934 1472 incunctanter
954 1428 973 1472 a
999 1405 1195 1474 ertissrmum

76 1491 122 1558 est
141 1491 326 1558 multarum
349 1493 544 1580 lampadum
563 1489 694 1556 lumina
715 1491 810 1556 nullo
832 1491 936 1558 modo
958 1429 1021 1555 eise
1041 1489 1193 1566 eoususa,

76 1574 136 1648 sed
156 1575 368 1642 solummodo
392 1581 549 1642 adunata.
580 1575 667 1640 Nam
681 1573 802 1661 fiquia,
823 1571 920 1638 verbi
935 1571 1060 1662 gratia,
1081 1574 1195 1661 lueem
1223 1579 1227 1593 “

74 1655 180 1724 uuiua
198 1658 363 1746 lampadis
386 1678 428 1724 ert
446 1657 518 1746 ipsa
541 1655 643 1724 domo
667 1655 704 1722 ln
748 1678 791 1720 ua
810 1651 948 1731 lucent,
979 1656 1189 1732 subtraxerit,

44 1767 48 1778 ’
75 1756 111 1808 et
133 1741 293 1808 aliorsum
314 1741 450 1812 duxerit
466 1743 659 1818 ardentem,
682 1679 796 1807 deine
809 1738 948 1828 proprio
961 1740 1092 1806 lumine
1104 1739 1196 1806 inter

74 1840 266 1892 ceterarum
285 1825 480 1913 lampadum
496 1824 690 1913 splenderet
705 1821 794 1888 nihil
806 1823 993 1910 relinquet,
1017 1821 1103 1890 nihil
1117 1821 1196 1888 alia·

73 1931 150 1988 rum
170 1893 313 1976 suminio
335 1909 517 1974 subtrahet.
560 1907 618 1974 Sie
645 1909 688 1972 de
710 1907 830 1973 eeteria
852 1907 1011 1974 omnibua
1033 1906 1196 1995 lampadi·
1274 1963 1282 1982 ,

74 1993 140 2058 bur
161 1991 391 2058 sentiendum.
433 1993 521 2056 Nam
542 1988 568 2054 fi
590 2006 625 2055 et
643 1987 736 2076 ipsae
755 1981 944 2056 subtractae
962 1989 1109 2066 suerint,
1140 1989 1193 2056 nil

74 2075 179 2144 alieni
203 2073 344 2140 luminia
365 2073 478 2138 secum
499 2073 717 2150 subtrahent,
740 2072 792 2138 nil
811 2071 943 2160 proprii
964 2071 1150 2148 dimittent.

138 2175 189 2240 13.
224 2159 316 2223 Num
345 2155 443 2221 fimrli
473 2159 577 2222 modo
600 2158 642 2222 de
662 2153 822 2220 humanit
845 2154 1080 2243 organicisque
1100 2155 1194 2222 voci·

73 2245 138 2310 bue
159 2237 393 2328 intelligitur?
417 2237 557 2328 Singula
579 2259 732 2328 quaeque
753 2258 838 2314 vox,
860 2237 928 2305 save
943 2238 1102 2314 humana,
1126 2237 1195 2307 stre

75 2322 229 2392 hstralaria
259 2323 316 2388 rel
341 2321 446 2407 lyrica
475 2321 671 2411 qualitatem
700 2321 793 2388 suam
812 2323 937 2388 habere
957 2340 1029 2388 non
1052 2321 1193 2390 deustirr

76 2411 159 2476 duur
190 2429 297 2474 uuam
328 2405 540 2474 harmoniam
570 2405 660 2472 inter
688 2401 722 2471 se
752 2407 866 2493 plurea
888 2404 1021 2472 unitate
1043 2425 1196 2496 congrua

74 2490 231 2581 analogia
261 2488 424 2557 efficiunt.
458 2489 533 2556 =Ubi
561 2491 664 2556 etiam
697 2505 852 2577 apertum
884 2504 1121 2577 argumentum
1151 2493 1195 2557 de

74 2574 166 2644 sonia
189 2577 305 2650 datur,
351 2573 421 2640 uod
441 2571 479 2640 in
501 2575 534 2640 se
556 2571 707 2640 invicem
728 2593 800 2638 non
821 2573 1103 2650 confunduntur,
1134 2574 1194 2642 sed

75 2658 289 2724 solummodo
311 2595 515 2724 adunantur.
557 2659 644 2721 Nam
672 2656 760 2720 hali
785 2677 829 2721 ua
848 2677 916 2722 vox
940 2678 981 2721 ex
1001 2655 1079 2743 ipfie
1099 2656 1194 2723 salue·

74 2741 139 2816 rit,
173 2741 242 2804 sola
269 2738 402 2843 silebit,
436 2760 501 2804 nee
523 2737 565 2804 de
586 2737 733 2804 melodia
754 2680 880 2837 liientie
901 2737 991 2804 inter
1011 2739 1194 2806 adhueso·

76 2821 1194 3002 ”biblitt{stistte&attollitestaltis

75 2989 278 3056 oservarat.
320 2987 406 3054 Nam
427 2989 453 3052 si
475 3009 553 3054 eum
574 2986 648 3070 altit
670 2987 958 3064 confunderetur,
992 3007 1064 3052 nou
1086 2989 1195 3076 pollet

77 3085 186 3138 totam
208 3071 242 3136 se
262 3069 389 3138 salendo
410 3069 613 3136 subtrahere.
657 3071 761 3156 Quod
782 3069 874 3136 enim
892 3068 1118 3138 confunditur
1135 3073 1195 3138 vel

76 3155 260 3232 miscetur,
300 3175 372 3220 nou
408 3155 506 3222 facile
541 3153 580 3220 in
610 3154 702 3220 suam
718 3151 974 3242 proprietatem
1002 3153 1223 3223 resolvitur·

76 3238 141 3306 Hie
162 3238 278 3326 itaque
299 3253 400 3326 atque
423 3238 620 3320 huiuamodi
645 3259 758 3306 rerum
778 3234 1046 3324 intelligibilium
1066 3255 1102 3304 et
1120 3241 1193 3306 leat·
1262 3277 1264 3284 ν

75 3322 221 3388 sibilium
251 3322 412 3409 exemplia
438 3320 599 3388 facillime
618 3323 1037 3409 pollumuaeoguoaeere,
1067 3324 1194 3388 aduna-

74 3405 205 3472 tionem
226 3408 395 3472 humanae
416 3421 557 3472 naturae
576 3403 651 3470 sieri
673 3405 782 3492 polle,
827 3403 1067 3499 roprietatibur
1083 3405 1192 3506 fingu-

76 3489 184 3556 larum
212 3487 467 3558 substantiarum
506 3487 699 3556 observatio.
741 3487 784 3554 Se
831 3485 993 3576 quoniam
1015 3491 1058 3554 de
1077 3491 1193 3556 reditu

77 3569 182 3639 sermo
211 3573 272 3650 etl,
307 3571 527 3639 necessarium
553 3590 712 3659 quaerere
742 3573 836 3659 quod
866 3593 988 3660 corpur
1001 3605 1005 3612 ·
1018 3570 1057 3636 in
1078 3571 1192 3640 anima

77 3655 289 3724 reversurum
310 3656 373 3735 stt,
396 3663 452 3722 'ut
470 3655 531 3721 hat
549 3677 629 3722 eum
650 3653 739 3744 spsa,
773 3653 1059 3743 sieut·Gregoriua
1080 3659 1192 3724 Theo·

78 3735 177 3822 logua
198 3739 264 3818 ait,
285 3763 368 3807 araur
389 3735 583 3844 erjptrirus‘
605 3739 638 3804 'et
657 3741 786 3805 animur
805 3752 840 3804 et
853 3738 971 3804 Daasr
989 3740 1044 3802 vel
1062 3755 1102 3806 ut
1111 3733 1190 3832 fer-

78 3833 240 3886 mentetur
257 3826 293 3888 in
313 3849 410 3892 aaron
431 3819 696 3916 incomposttum,
719 3839 760 3888 ut
776 3823 896 3888 beatur
910 3820 1100 3890 Ambrofiua
1113 3827 1192 3890 edo·
1210 3863 1218 3874 -

78 3917 149 3969 cett
183 3905 409 3976 srsubliantia.
424 3907 525 3998 ipfiua
546 3905 697 3996 eorporia
720 3906 797 3972 dieo
818 3905 948 3992 semper
967 3903 1192 3974 incommuta·

78 3986 192 4054 biliter
220 3991 346 4077 abeque
372 3994 443 4060 ulla
470 3989 740 4062 commutatione
769 3989 983 4078 permansura
1005 3989 1055 4054 fit.
1097 3985 1192 4056 lddrn

78 4069 194 4164 itaque
232 4071 366 4150 sanctur
398 4079 465 4144 Gre
489 4077 581 4144 oriua
613 4073 783 4164 praefatur
814 4069 932 4162 patroio
963 4073 1074 4138 verbio
1101 4076 1191 4138 hane

77 4153 303 4252 quaestionem
322 4159 440 4238 solvit,
460 4099 599 4264 dicent:
620 4151 785 4252 Absorpto
806 4181 829 4224 a
846 4161 922 4224 or'ta
942 4169 978 4220 et
998 4157 1133 4224 mortali
1153 4169 1190 4220 et

698 4277 741 4346 99
