2866 4822
318 237 844 334 'meream'
1060 255 1141 326 ur

34 434 194 522 mpietaa¹
215 435 340 520 abrqne
361 431 530 502 idolorum
551 436 657 502 cultu.
706 433 871 520 Quamvia
893 433 985 504 enlm
1005 436 1044 502 in
1066 409 1139 526 per
1262 484 1264 492 ·

33 519 122 584 rersaa
155 515 393 584 voluntatibus
428 519 581 604 perverse
618 518 740 608 agendi
775 517 945 606 appetitur
976 523 1140 610 ardorque
1268 555 1277 571 ·

33 607 153 688 'emper
175 599 416 688 permanserit,
439 600 600 689 quoniam
621 605 750 690 quoda
776 601 916 688 petitur,
936 603 1053 689 perfici
1068 627 1138 670 non

33 685 159 760 initur,
200 701 235 750 et
263 684 301 751 in
330 686 429 752 nullo
457 685 518 751 nist
549 685 585 750 in
609 625 783 772 semetipse
803 687 936 754 flamma
957 689 1139 754 malevolae

33 767 229 856 :upiditatir
252 772 368 844 ardet3
404 769 489 856 quid
516 768 608 834 aliud
634 768 838 856 relinquitur
858 769 920 839 uisi
940 769 1068 836 foetida
1089 792 1140 840 ca·

33 874 162 934 avere,
202 851 299 924 omni
316 850 411 938 vitali
432 869 549 927 motu,
590 856 656 918 hoc
678 853 722 923 est
742 851 837 921 omni
857 853 1060 926 naturalium
1084 857 1140 924 bo-

32 958 144 1000 rorum
166 934 296 1000 virtute
318 951 420 1021 atque
441 937 620 1008 substantia,
637 936 797 1024 privatas
832 939 876 1002 Et
898 936 1037 1004 sortaffio
1060 940 1139 1002 talea

32 1035 97 1084 unt
127 1011 310 1106 gracillimi
340 1018 507 1088 cruciatur
536 1021 702 1088 malorum
734 1019 913 1089 homiuum
944 1037 978 1088 et
1006 1024 1138 1120 angelo·

32 1125 112 1176 um,
137 1117 174 1170 et
196 1117 275 1168 aute
294 1101 461 1181 judicium
482 1104 655 1181 futurum,
678 1119 713 1169 et
731 1103 814 1190 post,
828 1103 1064 1182 malefaciendr
1082 1128 1138 1170 cu·

32 1185 167 1258 idirco,
202 1199 237 1248 et
261 1183 460 1282 perficiendi
489 1185 677 1254 difficultas.
735 1187 838 1272 Quod
867 1203 979 1262 auteur
1007 1211 1078 1261 non
1101 1187 1137 1254 in

32 1268 185 1334 ocalibua
224 1266 340 1352 spania
378 1269 613 1344 carnalibuove
649 1271 840 1336 carceribuc
876 1271 1030 1350 diabolue
1060 1293 1136 1336 cum

32 1349 182 1417 nembria
205 1351 272 1416 suia
293 1351 473 1437 punietur,
496 1354 663 1420 sedunus
689 1353 809 1439 uiaque
828 1353 917 1418 intra
939 1355 1015 1418 suae
1031 1357 1137 1429 malae

31 1434 210 1500 roluutatia
231 1431 393 1528 terminoa
413 1457 541 1524 poenae
563 1438 653 1513 l'uet;
705 1452 800 1502 eatur
820 1437 1008 1502 Ambrosrus
1026 1435 1060 1500 in
1075 1441 1137 1501 Ex-

31 1517 188 1582 ·osrtione
209 1516 247 1584 iu
271 1523 398 1588 Lucam
419 1519 591 1587 manifeste
606 1522 773 1596 declarat,
794 1519 1018 1592 illumlocum
1030 1523 1139 1586 Evan-

31 1601 102 1686 gelii
125 1622 320 1688 exponena;
352 1603 532 1678 „Tolletur
553 1602 709 1669 manibus
731 1619 765 1668 et
786 1603 930 1690 pedibus
951 1603 1081 1688 ligatio,
1105 1621 1139 1668 et

31 1683 149 1750 uittite
176 1685 215 1759 in
250 1689 403 1757 tenebras
437 1685 635 1764 exteriores,
670 1686 742 1754 illic
763 1686 829 1752 erit
848 1688 947 1754 fletus
968 1696 1003 1752 et
1022 1687 1140 1752 stridor
1244 1681 1254 1700 ‘

31 1767 189 1837 lentium.
234 1770 330 1854 Quae
362 1769 440 1834 sunt
460 1772 618 1836 tenebrae
640 1769 846 1836 exterioreri
880 1770 1045 1856 Nunquid
1065 1769 1138 1836 illic

30 1872 156 1938 [noque
186 1871 299 1918 carcer
327 1851 449 1938 aliquia
472 1853 700 1941 latumiaeque
720 1855 916 1920 subeundae
935 1853 1039 1928 sunt?
1074 1853 1138 1918 Mi·

30 1935 143 2000 time..
169 1935 236 2002 seo
269 1955 422 2019 quaecun
450 1957 491 1998 ue
525 1951 616 2000 extra
648 1937 802 2020 promissa
836 1937 917 2024 sunt
944 1935 1135 2002 coelestium
1239 1930 1244 1947 ’

30 2021 280 2092 nandaterum„
303 2015 341 2081 iu
361 2031 441 2090 tene
465 2016 511 2082 ria
534 2016 864 2091 exterioribuesunt3
888 2019 1136 2103 quiamandato
1206 2031 1213 2060 ²

30 2101 82 2166 lei
103 2103 224 2164 lumen
248 2099 344 2162 sunt:
379 2114 413 2162 et
434 2099 630 2186 quicunque
650 2101 718 2164 fine
740 2099 870 2166 Chrislo
893 2101 955 2176 est,
985 2101 1022 2166 in
1046 2117 1135 2166 tene
1165 2117 1172 2219 ι
1316 2097 1319 2108 ’

30 2185 84 2250 πίε
117 2183 184 2258 est;
217 2179 296 2268 quia
324 2183 439 2254 lumen
471 2181 614 2249 interino
647 2181 795 2248 Christus
819 2183 872 2246 esi.
914 2185 1004 2280 Ergo
1026 2205 1136 2270 neque

30 2265 247 2354 :orporalium
278 2265 396 2330 stridor
416 2263 538 2351 aliquio
557 2265 731 2342 dentium,
767 2287 879 2352 neque
902 2264 991 2352 igme
1016 2266 1136 2352 aliquio
1168 2347 1171 2356 1

29 2366 207 2437 terpetuna
234 2351 442 2414 flammarum
473 2347 782 2434 eucarpensium,
814 2371 926 2438 neque
947 2349 1070 2414 vermia
1093 2351 1136 2414 esi
1185 2425 1189 2434 ¹
1273 2419 1278 2434 ‚
1385 2365 1388 2372 ⁴

29 2431 421 2582 {reclamet
438 2431 654 2580 {lteri
674 2433 948 2601 ltttttell:
970 2425 1135 2602 tulta

29 2565 34 2582 ν
644 2563 655 2591 a

29 2616 160 2666 ›eccata
181 2599 256 2670 sua,
280 2599 375 2671 velut
396 2603 538 2685 quadam
561 2600 756 2684 interposito
776 2599 953 2664 sobrietate
972 2599 1134 2666 abstinen-
1210 2619 1213 2628 “

29 2681 104 2758 iae,
128 2683 186 2746 sed
208 2679 382 2744 miscendo
404 2698 540 2766 peccata
560 2681 726 2766 peccarit,
751 2697 910 2769 tanquam
933 2681 1133 2748 cruditatem

29 2769 192 2852 luendam
218 2761 388 2828 contrabit
411 2780 563 2828 veterum
586 2779 619 2843 et
640 2763 828 2828 recentium
851 2765 1064 2840 delictorum,
1086 2755 1153 2852 ig?

30 2873 63 2912 re
90 2851 252 2911 aduretur
272 2843 428 2944 proprio,
454 2860 488 2910 et
509 2845 577 2908 suis
601 2847 773 2914 vermibus
795 2847 1019 2913 consumetur.
1066 2851 1132 2912 Un-
1240 2846 1244 2862 '

29 2935 61 2996 le
85 2945 121 2994 et
143 2927 239 2994 lsaiaa
261 2943 325 2994 art:
347 2931 524 3026 sm·bulate
545 2927 582 3025 in
604 2930 733 2994 lumine
748 2929 837 3014 ignit
853 2931 968 3007 vestri,
992 2947 1026 2996 et
1042 2933 1132 3030 flaur-

29 3011 589 3178 tutet,ttillllnfftll
606 3012 1132 3182 ,tillet,ttlttllmllllt
1205 3077 1210 3088 ’

29 3195 160 3244 recocta
182 3193 331 3242 mentem
352 3179 400 3242 rei
423 3179 620 3264 sensumque
643 3194 886 3264 compungant,
910 3195 945 3244 et
968 3183 1131 3264 quaedam

29 3265 168 3328 exedant
194 3260 322 3326 vincera
355 3259 604 3336 conscientiae,
635 3283 720 3348 quae
750 3278 909 3350 tanquam
940 3284 1070 3328 vermer
1092 3285 1132 3328 ex

29 3365 249 3514 lllllllll
270 3361 455 3492 lzttff
469 3361 663 3512 ,stell
687 3365 907 3500 33013313'121‘
919 3345 1132 3496 tssssttt‘tr

29 3513 189 3586 ridebunt
217 3513 365 3576 membra
391 3513 569 3576 hominum
598 3510 900 3598 praevaricantium
931 3510 968 3574 in
988 3535 1064 3588 me,
1097 3527 1132 3578 et

29 3595 144 3660 rermia
182 3613 299 3664 eorum
329 3614 400 3658 non
429 3594 589 3668 moritur,
630 3611 664 3660 et
691 3595 781 3695 ignia
813 3615 883 3660 uon
912 3595 1131 3683 extinguitur.

29 3678 152 3744 Stridor
173 3698 309 3763 quoque
332 3677 485 3742 dentium
508 3677 621 3764 prodit
641 3677 851 3766 indrguantia
874 3675 1054 3755 affectum,
1091 3700 1130 3742 eo

29 3765 113 3858 puod
134 3763 206 3826 sero
228 3782 505 3846 unumquemque
525 3759 717 3847 poeniteat,
739 3763 810 3826 sero
821 3759 1038 3846 ingemiscat,
1060 3763 1131 3826 sero
1161 3812 1167 3826 .

29 3861 185 3912 irascatur
207 3845 265 3909 srbi
290 3848 382 3930 quod
404 3861 471 3910 tem
492 3844 662 3931 pervicaci
683 3845 899 3932 improbitate
920 3845 1130 3933 deliquerit.”

29 3927 107 3990 Vide
137 3924 244 4011 igitur.
271 3929 382 4078 ii⁸⁸¹i²
411 3931 486 3994 loca
520 3944 764 4026 tormentorum
786 3928 954 4026 praefatur
975 3923 1132 3996 describit
1263 3973 1267 3986 .

306 4012 340 4078 bi
368 4015 468 4078 ludat
503 4013 682 4076 Salvatona
703 4012 805 4076 nostra
825 4013 978 4099 proditor
999 4029 1132 4096 torque·

29 4011 303 4190 {Ippotfflpuid
331 4093 412 4162 alibi
434 4095 496 4162 nist
517 4096 556 4160 iu
577 4095 636 4162 sua
655 4098 785 4184 polluta
806 4095 1042 4168 conscientias
1065 4113 1130 4178 qua

29 4179 215 4244 Donuuurn
238 4177 400 4246 trddiditi
424 4181 568 4266 Qualem
586 4199 733 4268 poenam
753 4177 904 4269 patitur?
929 4181 1042 4246 Seram
1055 4197 1131 4264 pro·
