<?xml version="1.0" encoding="UTF-8"?>
<!DOCTYPE html PUBLIC "-//W3C//DTD XHTML 1.0 Transitional//EN"
    "http://www.w3.org/TR/xhtml1/DTD/xhtml1-transitional.dtd">
<html xmlns="http://www.w3.org/1999/xhtml" xml:lang="en" lang="en">
 <head>
  <title>
</title>
<meta http-equiv="Content-Type" content="text/html;charset=utf-8" />
  <meta name='ocr-system' content='tesseract 3.04.00' />
  <meta name='ocr-capabilities' content='ocr_page ocr_carea ocr_par ocr_line ocrx_word'/>
</head>
<body>
  <div class='ocr_page' id='page_1' title='image "./dedivisionenatu00eriggoog_0637.png"; bbox 0 0 2884 4820; ppageno 0'>
   <div class='ocr_carea' id='block_1_1' title="bbox 251 277 332 350">
    <p class='ocr_par' dir='ltr' id='par_1_1' title="bbox 251 277 332 350">
     <span class='ocr_line' id='line_1_1' title="bbox 251 277 332 350; baseline 0 0"><span class='ocrx_word' id='word_1_1' title='bbox 251 277 332 350; x_wconf 73' lang='lat'><strong>6⁰⁰</strong></span> 
     </span>
    </p>
   </div>
   <div class='ocr_carea' id='block_1_2' title="bbox 161 463 1266 2103">
    <p class='ocr_par' dir='ltr' id='par_1_2' title="bbox 252 463 1177 636">
     <span class='ocr_line' id='line_1_2' title="bbox 252 463 1177 554; baseline 0.004 -24"><span class='ocrx_word' id='word_1_2' title='bbox 252 465 379 540; x_wconf 77' lang='lat' dir='ltr'><strong>Orant,</strong></span> <span class='ocrx_word' id='word_1_3' title='bbox 399 484 441 529; x_wconf 86' lang='lat' dir='ltr'><strong>ac</strong></span> <span class='ocrx_word' id='word_1_4' title='bbox 460 464 602 554; x_wconf 70' lang='lat' dir='ltr'><strong>lepitana</strong></span> <span class='ocrx_word' id='word_1_5' title='bbox 623 463 748 542; x_wconf 80' lang='lat' dir='ltr'><strong>libror,</strong></span> <span class='ocrx_word' id='word_1_6' title='bbox 770 463 993 552; x_wconf 85' lang='lat' dir='ltr'><strong>maniboaqoe</strong></span> <span class='ocrx_word' id='word_1_7' title='bbox 1012 467 1177 544; x_wconf 81' lang='lat' dir='ltr'><strong>laborem,</strong></span> 
     </span>
     <span class='ocr_line' id='line_1_3' title="bbox 293 547 1006 636; baseline 0.001 -26"><span class='ocrx_word' id='word_1_8' title='bbox 293 547 338 610; x_wconf 84' lang='lat' dir='ltr'><strong>Et</strong></span> <span class='ocrx_word' id='word_1_9' title='bbox 357 547 489 614; x_wconf 87' lang='lat' dir='ltr'><strong>nullum</strong></span> <span class='ocrx_word' id='word_1_10' title='bbox 508 547 602 614; x_wconf 82' lang='lat' dir='ltr'><strong>vitiia</strong></span> <span class='ocrx_word' id='word_1_11' title='bbox 623 561 756 636; x_wconf 78' lang='lat' dir='ltr'><strong>tempor</strong></span> <span class='ocrx_word' id='word_1_12' title='bbox 776 547 878 614; x_wconf 86' lang='lat' dir='ltr'><strong>inane</strong></span> <span class='ocrx_word' id='word_1_13' title='bbox 899 564 1006 614; x_wconf 85' lang='lat' dir='ltr'><strong>vacat.</strong></span> 
     </span>
    </p>

    <p class='ocr_par' dir='ltr' id='par_1_3' title="bbox 236 627 1068 814">
     <span class='ocr_line' id='line_1_4' title="bbox 236 627 1068 718; baseline 0.002 -24"><span class='ocrx_word' id='word_1_14' title='bbox 236 627 348 716; x_wconf 87' lang='lat' dir='ltr'><strong>Quid</strong></span> <span class='ocrx_word' id='word_1_15' title='bbox 368 631 479 698; x_wconf 82' lang='lat' dir='ltr'><strong>causae</strong></span> <span class='ocrx_word' id='word_1_16' title='bbox 499 653 536 696; x_wconf 88' lang='lat' dir='ltr'><strong>re</strong></span> <span class='ocrx_word' id='word_1_17' title='bbox 583 631 597 696; x_wconf 91' lang='lat' dir='ltr'><strong>i</strong></span> <span class='ocrx_word' id='word_1_18' title='bbox 618 630 745 708; x_wconf 85' lang='lat' dir='ltr'><strong>dicam,</strong></span> <span class='ocrx_word' id='word_1_19' title='bbox 770 653 851 718; x_wconf 81' lang='lat' dir='ltr'><strong>quae</strong></span> <span class='ocrx_word' id='word_1_20' title='bbox 870 631 941 718; x_wconf 80' lang='lat' dir='ltr'><strong>ipio</strong></span> <span class='ocrx_word' id='word_1_21' title='bbox 961 632 1068 718; x_wconf 88' lang='lat' dir='ltr'><strong>perita</strong></span> 
     </span>
     <span class='ocr_line' id='line_1_5' title="bbox 292 711 956 814; baseline 0.003 -38"><span class='ocrx_word' id='word_1_22' title='bbox 292 711 455 800; x_wconf 84' lang='lat' dir='ltr'><strong>Diaponit</strong></span> <span class='ocrx_word' id='word_1_23' title='bbox 474 714 571 814; x_wconf 68' lang='lat' dir='ltr'><strong>cipri</strong></span> <span class='ocrx_word' id='word_1_24' title='bbox 592 730 728 800; x_wconf 82' lang='lat' dir='ltr'>pectore</span> <span class='ocrx_word' id='word_1_25' title='bbox 748 713 956 801; x_wconf 72' lang='lat' dir='ltr'><strong>praecipuo?</strong></span> 
     </span>
    </p>

    <p class='ocr_par' dir='ltr' id='par_1_4' title="bbox 253 793 1266 967">
     <span class='ocr_line' id='line_1_6' title="bbox 253 793 1266 896; baseline 0.003 -36"><span class='ocrx_word' id='word_1_26' title='bbox 253 793 289 860; x_wconf 85' lang='lat' dir='ltr'><strong>si</strong></span> <span class='ocrx_word' id='word_1_27' title='bbox 310 795 454 862; x_wconf 84' lang='lat' dir='ltr'><strong>linerent</strong></span> <span class='ocrx_word' id='word_1_28' title='bbox 475 819 603 884; x_wconf 85' lang='lat' dir='ltr'><strong>aprcee,</strong></span> <span class='ocrx_word' id='word_1_29' title='bbox 626 819 709 883; x_wconf 88' lang='lat' dir='ltr'><strong>quoe</strong></span> <span class='ocrx_word' id='word_1_30' title='bbox 732 797 901 896; x_wconf 77' lang='lat' dir='ltr'>scripserat</span> <span class='ocrx_word' id='word_1_31' title='bbox 921 797 993 883; x_wconf 78' lang='lat' dir='ltr'><strong>ipse</strong></span> <span class='ocrx_word' id='word_1_32' title='bbox 1015 797 1184 875; x_wconf 84' lang='lat' dir='ltr'><strong>Salomon,</strong></span> <span class='ocrx_word' id='word_1_33' title='bbox 1260 825 1266 836; x_wconf 93' lang='lat'><strong>·</strong></span> 
     </span>
     <span class='ocr_line' id='line_1_7' title="bbox 292 877 1037 967; baseline 0.001 -26"><span class='ocrx_word' id='word_1_34' title='bbox 292 877 452 944; x_wconf 81' lang='lat' dir='ltr'><strong>Dixiffem</strong></span> <span class='ocrx_word' id='word_1_35' title='bbox 473 880 582 946; x_wconf 81' lang='lat' dir='ltr'>forsan</span> <span class='ocrx_word' id='word_1_36' title='bbox 606 881 688 967; x_wconf 88' lang='lat' dir='ltr'><strong>quid</strong></span> <span class='ocrx_word' id='word_1_37' title='bbox 711 883 886 966; x_wconf 86' lang='lat' dir='ltr'><strong>perhrbere</strong></span> <span class='ocrx_word' id='word_1_38' title='bbox 906 882 1037 944; x_wconf 85' lang='lat' dir='ltr'><strong>volunt.</strong></span> 
     </span>
    </p>

    <p class='ocr_par' dir='ltr' id='par_1_5' title="bbox 253 962 1130 1028">
     <span class='ocr_line' id='line_1_8' title="bbox 253 962 1130 1028; baseline 0.003 -4"><span class='ocrx_word' id='word_1_39' title='bbox 253 962 346 1026; x_wconf 90' lang='lat' dir='ltr'><strong>Haec</strong></span> <span class='ocrx_word' id='word_1_40' title='bbox 368 983 446 1026; x_wconf 87' lang='lat' dir='ltr'><strong>nam</strong></span> <span class='ocrx_word' id='word_1_41' title='bbox 467 967 551 1028; x_wconf 88' lang='lat' dir='ltr'><strong>haec</strong></span> <span class='ocrx_word' id='word_1_42' title='bbox 570 963 692 1028; x_wconf 87' lang='lat' dir='ltr'><strong>merito</strong></span> <span class='ocrx_word' id='word_1_43' title='bbox 715 963 868 1028; x_wconf 84' lang='lat' dir='ltr'><strong>censetur</strong></span> <span class='ocrx_word' id='word_1_44' title='bbox 887 962 1013 1027; x_wconf 81' lang='lat' dir='ltr'><strong>femina</strong></span> <span class='ocrx_word' id='word_1_45' title='bbox 1034 963 1130 1027; x_wconf 87' lang='lat' dir='ltr'><strong>fortia</strong></span> 
     </span>
    </p>

    <p class='ocr_par' dir='ltr' id='par_1_6' title="bbox 224 1040 1135 1134">
     <span class='ocr_line' id='line_1_9' title="bbox 224 1040 1135 1134; baseline 0.004 -27"><span class='ocrx_word' id='word_1_46' title='bbox 224 1057 254 1133; x_wconf 31' lang='grc' dir='ltr'>Ἰ</span> <span class='ocrx_word' id='word_1_47' title='bbox 294 1046 405 1132; x_wconf 88' lang='lat' dir='ltr'><strong>Quam</strong></span> <span class='ocrx_word' id='word_1_48' title='bbox 425 1047 567 1112; x_wconf 75' lang='lat' dir='ltr'><strong>Karolue</strong></span> <span class='ocrx_word' id='word_1_49' title='bbox 588 1046 713 1134; x_wconf 82' lang='lat' dir='ltr'><strong>reperit</strong></span> <span class='ocrx_word' id='word_1_50' title='bbox 732 1046 829 1110; x_wconf 80' lang='lat' dir='ltr'><strong>fortia</strong></span> <span class='ocrx_word' id='word_1_51' title='bbox 850 1061 885 1109; x_wconf 88' lang='lat' dir='ltr'><strong>ct</strong></span> <span class='ocrx_word' id='word_1_52' title='bbox 905 1047 1014 1110; x_wconf 80' lang='lat' dir='ltr'><strong>almae</strong></span> <span class='ocrx_word' id='word_1_53' title='bbox 1035 1040 1135 1130; x_wconf 74' lang='grc' dir='ltr'><strong><em>ἅναξ.</em></strong></span> 
     </span>
    </p>

    <p class='ocr_par' dir='ltr' id='par_1_7' title="bbox 254 1127 1143 1300">
     <span class='ocr_line' id='line_1_10' title="bbox 254 1127 1143 1227; baseline 0.003 -36"><span class='ocrx_word' id='word_1_54' title='bbox 254 1127 365 1214; x_wconf 84' lang='lat' dir='ltr'><strong>Quem</strong></span> <span class='ocrx_word' id='word_1_55' title='bbox 386 1129 492 1194; x_wconf 85' lang='lat' dir='ltr'><strong>solum</strong></span> <span class='ocrx_word' id='word_1_56' title='bbox 514 1131 660 1194; x_wconf 75' lang='lat' dir='ltr'><strong>celebrat</strong></span> <span class='ocrx_word' id='word_1_57' title='bbox 680 1132 884 1194; x_wconf 82' lang='lat' dir='ltr'><strong>Francorum</strong></span> <span class='ocrx_word' id='word_1_58' title='bbox 905 1128 1010 1214; x_wconf 86' lang='lat' dir='ltr'><strong>gioria</strong></span> <span class='ocrx_word' id='word_1_59' title='bbox 1030 1151 1143 1227; x_wconf 67' lang='lat' dir='ltr'><strong>regem</strong></span> 
     </span>
     <span class='ocr_line' id='line_1_11' title="bbox 292 1211 1103 1300; baseline 0.001 -26"><span class='ocrx_word' id='word_1_60' title='bbox 292 1211 445 1297; x_wconf 82' lang='lat' dir='ltr'><strong>Dignum</strong></span> <span class='ocrx_word' id='word_1_61' title='bbox 467 1211 661 1278; x_wconf 82' lang='lat' dir='ltr'><strong>christicoiie</strong></span> <span class='ocrx_word' id='word_1_62' title='bbox 682 1212 837 1300; x_wconf 86' lang='lat' dir='ltr'><strong>plebibua</strong></span> <span class='ocrx_word' id='word_1_63' title='bbox 858 1227 958 1297; x_wconf 87' lang='lat' dir='ltr'><strong>atque</strong></span> <span class='ocrx_word' id='word_1_64' title='bbox 980 1213 1103 1276; x_wconf 84' lang='lat' dir='ltr'><strong>chone.</strong></span> 
     </span>
    </p>

    <p class='ocr_par' dir='ltr' id='par_1_8' title="bbox 253 1291 1142 1474">
     <span class='ocr_line' id='line_1_12' title="bbox 253 1291 1142 1383; baseline -0.002 -23"><span class='ocrx_word' id='word_1_65' title='bbox 253 1291 320 1360; x_wconf 82' lang='lat' dir='ltr'><strong>cui</strong></span> <span class='ocrx_word' id='word_1_66' title='bbox 342 1293 463 1378; x_wconf 80' lang='lat' dir='ltr'><strong>gestare</strong></span> <span class='ocrx_word' id='word_1_67' title='bbox 484 1294 565 1360; x_wconf 88' lang='lat' dir='ltr'><strong>licet</strong></span> <span class='ocrx_word' id='word_1_68' title='bbox 585 1317 767 1383; x_wconf 86' lang='lat' dir='ltr'><strong>regnorum</strong></span> <span class='ocrx_word' id='word_1_69' title='bbox 788 1294 932 1383; x_wconf 86' lang='lat' dir='ltr'><strong>piurima</strong></span> <span class='ocrx_word' id='word_1_70' title='bbox 954 1295 1091 1381; x_wconf 81' lang='lat' dir='ltr'><strong>sceptra,</strong></span> <span class='ocrx_word' id='word_1_71' title='bbox 1137 1337 1142 1342; x_wconf 92' lang='lat'>-</span> 
     </span>
     <span class='ocr_line' id='line_1_13' title="bbox 295 1375 1019 1474; baseline 0.003 -36"><span class='ocrx_word' id='word_1_72' title='bbox 295 1375 391 1474; x_wconf 81' lang='lat' dir='ltr'><strong>Quae</strong></span> <span class='ocrx_word' id='word_1_73' title='bbox 413 1377 659 1466; x_wconf 28' lang='lat' dir='ltr'><strong>magni-patrea</strong></span> <span class='ocrx_word' id='word_1_74' title='bbox 681 1377 861 1442; x_wconf 77' lang='lat' dir='ltr'><strong>sustinuere</strong></span> <span class='ocrx_word' id='word_1_75' title='bbox 882 1377 943 1441; x_wconf 84' lang='lat' dir='ltr'><strong>sui.</strong></span> <span class='ocrx_word' id='word_1_76' title='bbox 1014 1449 1019 1461; x_wconf 33' lang='grc' dir='ltr'>Ι</span> 
     </span>
    </p>

    <p class='ocr_par' dir='ltr' id='par_1_9' title="bbox 161 1457 1045 1608">
     <span class='ocr_line' id='line_1_14' title="bbox 161 1457 1045 1608; baseline -0.005 -82"><span class='ocrx_word' id='word_1_77' title='bbox 161 1497 169 1526; x_wconf 70' lang='lat'><em>0</em></span> <span class='ocrx_word' id='word_1_78' title='bbox 252 1457 319 1524; x_wconf 79' lang='lat' dir='ltr'><strong>Cur</strong></span> <span class='ocrx_word' id='word_1_79' title='bbox 344 1459 405 1524; x_wconf 84' lang='lat' dir='ltr'><strong>soli</strong></span> <span class='ocrx_word' id='word_1_80' title='bbox 428 1482 571 1549; x_wconf 86' lang='lat' dir='ltr'><strong>regnum</strong></span> <span class='ocrx_word' id='word_1_81' title='bbox 592 1461 754 1560; x_wconf 75' lang='lat' dir='ltr'><strong>sapientia</strong></span> <span class='ocrx_word' id='word_1_82' title='bbox 771 1459 908 1608; x_wconf 77' lang='lat' dir='ltr'><strong>praevia</strong></span> <span class='ocrx_word' id='word_1_83' title='bbox 926 1461 1045 1606; x_wconf 79' lang='lat' dir='ltr'><strong>pollet,</strong></span> 
     </span>
    </p>

    <p class='ocr_par' dir='ltr' id='par_1_10' title="bbox 253 1543 1097 1722">
     <span class='ocr_line' id='line_1_15' title="bbox 253 1543 1097 1722; baseline 0 -32"><span class='ocrx_word' id='word_1_84' title='bbox 253 1544 675 1714; x_wconf 55' lang='lat' dir='ltr'><strong>erraterrat:</strong></span> <span class='ocrx_word' id='word_1_85' title='bbox 692 1543 1097 1722; x_wconf 52' lang='lat' dir='ltr'><strong>attractata</strong></span> 
     </span>
    </p>

    <p class='ocr_par' dir='ltr' id='par_1_11' title="bbox 293 1709 941 1776">
     <span class='ocr_line' id='line_1_16' title="bbox 293 1709 941 1776; baseline -0.003 -4"><span class='ocrx_word' id='word_1_86' title='bbox 293 1709 346 1774; x_wconf 85' lang='lat' dir='ltr'><strong>Ne</strong></span> <span class='ocrx_word' id='word_1_87' title='bbox 366 1725 458 1775; x_wconf 88' lang='lat' dir='ltr'><strong>recto</strong></span> <span class='ocrx_word' id='word_1_88' title='bbox 481 1710 601 1776; x_wconf 79' lang='lat' dir='ltr'><strong>christi</strong></span> <span class='ocrx_word' id='word_1_89' title='bbox 623 1709 756 1774; x_wconf 85' lang='lat' dir='ltr'><strong>tramite</strong></span> <span class='ocrx_word' id='word_1_90' title='bbox 778 1709 941 1774; x_wconf 84' lang='lat' dir='ltr'><strong>debthtet.</strong></span> 
     </span>
    </p>

    <p class='ocr_par' dir='ltr' id='par_1_12' title="bbox 252 1789 1116 1961">
     <span class='ocr_line' id='line_1_17' title="bbox 252 1789 1116 1878; baseline 0.003 -25"><span class='ocrx_word' id='word_1_91' title='bbox 252 1789 324 1878; x_wconf 83' lang='lat' dir='ltr'><strong>Qui</strong></span> <span class='ocrx_word' id='word_1_92' title='bbox 345 1791 472 1856; x_wconf 81' lang='lat' dir='ltr'><strong>sanctae</strong></span> <span class='ocrx_word' id='word_1_93' title='bbox 494 1794 591 1856; x_wconf 77' lang='lat' dir='ltr'><strong>aeder</strong></span> <span class='ocrx_word' id='word_1_94' title='bbox 613 1792 772 1862; x_wconf 74' lang='lat' dir='ltr'><strong>dedicant</strong></span> <span class='ocrx_word' id='word_1_95' title='bbox 794 1790 966 1854; x_wconf 80' lang='lat' dir='ltr'><strong>ornatibus</strong></span> <span class='ocrx_word' id='word_1_96' title='bbox 988 1790 1116 1876; x_wconf 84' lang='lat' dir='ltr'><strong>amplia.</strong></span> 
     </span>
     <span class='ocr_line' id='line_1_18' title="bbox 294 1871 1001 1961; baseline -0.006 -23"><span class='ocrx_word' id='word_1_97' title='bbox 294 1873 448 1938; x_wconf 83' lang='lat' dir='ltr'><strong>Caelestia</strong></span> <span class='ocrx_word' id='word_1_98' title='bbox 468 1873 597 1961; x_wconf 80' lang='lat' dir='ltr'><strong>patriae</strong></span> <span class='ocrx_word' id='word_1_99' title='bbox 618 1874 766 1954; x_wconf 78' lang='lat' dir='ltr'><strong>symbola</strong></span> <span class='ocrx_word' id='word_1_100' title='bbox 787 1873 875 1935; x_wconf 82' lang='lat' dir='ltr'><strong>sacra</strong></span> <span class='ocrx_word' id='word_1_101' title='bbox 896 1871 1001 1934; x_wconf 84' lang='lat' dir='ltr'><strong>videt.</strong></span> 
     </span>
    </p>

    <p class='ocr_par' dir='ltr' id='par_1_13' title="bbox 250 1953 1159 2103">
     <span class='ocr_line' id='line_1_19' title="bbox 250 1953 1159 2041; baseline 0.003 -22"><span class='ocrx_word' id='word_1_102' title='bbox 250 1956 323 2020; x_wconf 79' lang='lat' dir='ltr'><strong>Hoc</strong></span> <span class='ocrx_word' id='word_1_103' title='bbox 346 1958 465 2031; x_wconf 83' lang='lat' dir='ltr'><strong>ambo.</strong></span> <span class='ocrx_word' id='word_1_104' title='bbox 487 1978 600 2041; x_wconf 85' lang='lat' dir='ltr'><strong>regem</strong></span> <span class='ocrx_word' id='word_1_105' title='bbox 623 1955 699 2020; x_wconf 89' lang='lat' dir='ltr'><strong>dico</strong></span> <span class='ocrx_word' id='word_1_106' title='bbox 723 1953 977 2038; x_wconf 81' lang='lat' dir='ltr'><strong>dominamque,</strong></span> <span class='ocrx_word' id='word_1_107' title='bbox 1002 1969 1159 2040; x_wconf 85' lang='lat' dir='ltr'><strong>potentea</strong></span> 
     </span>
     <span class='ocr_line' id='line_1_20' title="bbox 293 2035 938 2103; baseline -0.003 0"><span class='ocrx_word' id='word_1_108' title='bbox 293 2037 421 2103; x_wconf 80' lang='lat' dir='ltr'><strong>Christe</strong></span> <span class='ocrx_word' id='word_1_109' title='bbox 442 2055 537 2103; x_wconf 85' lang='lat' dir='ltr'><strong>tuere</strong></span> <span class='ocrx_word' id='word_1_110' title='bbox 558 2037 609 2102; x_wconf 88' lang='lat' dir='ltr'><strong>tui</strong></span> <span class='ocrx_word' id='word_1_111' title='bbox 630 2036 781 2102; x_wconf 78' lang='lat' dir='ltr'><strong>numinis</strong></span> <span class='ocrx_word' id='word_1_112' title='bbox 803 2035 938 2101; x_wconf 84' lang='lat' dir='ltr'><strong>auxilio.</strong></span> 
     </span>
    </p>
   </div>
   <div class='ocr_carea' id='block_1_3' title="bbox 119 2118 1094 2196">
    <p class='ocr_par' dir='ltr' id='par_1_14' title="bbox 119 2118 1094 2196">
     <span class='ocr_line' id='line_1_21' title="bbox 119 2118 1094 2196; baseline -0.002 -10"><span class='ocrx_word' id='word_1_113' title='bbox 119 2145 120 2150; x_wconf 49' lang='lat'>¹</span> <span class='ocrx_word' id='word_1_114' title='bbox 251 2119 304 2186; x_wconf 76' lang='lat' dir='ltr'><strong>sie</strong></span> <span class='ocrx_word' id='word_1_115' title='bbox 327 2121 415 2186; x_wconf 83' lang='lat' dir='ltr'><strong>fidua</strong></span> <span class='ocrx_word' id='word_1_116' title='bbox 436 2123 563 2196; x_wconf 73' lang='lat' dir='ltr'><strong>eustoc,</strong></span> <span class='ocrx_word' id='word_1_117' title='bbox 586 2121 625 2186; x_wconf 82' lang='lat' dir='ltr'><strong>fra</strong></span> <span class='ocrx_word' id='word_1_118' title='bbox 648 2141 764 2184; x_wconf 74' lang='lat' dir='ltr'><strong>murus</strong></span> <span class='ocrx_word' id='word_1_119' title='bbox 786 2133 879 2182; x_wconf 88' lang='lat' dir='ltr'><strong>tatoa</strong></span> <span class='ocrx_word' id='word_1_120' title='bbox 903 2118 939 2182; x_wconf 91' lang='lat' dir='ltr'><strong>in</strong></span> <span class='ocrx_word' id='word_1_121' title='bbox 962 2139 1094 2196; x_wconf 83' lang='lat' dir='ltr'><strong>aevum.</strong></span> 
     </span>
    </p>
   </div>
   <div class='ocr_carea' id='block_1_4' title="bbox 198 2201 1135 3290">
    <p class='ocr_par' dir='ltr' id='par_1_15' title="bbox 251 2201 1049 2384">
     <span class='ocr_line' id='line_1_22' title="bbox 293 2201 984 2301; baseline -0.004 -34"><span class='ocrx_word' id='word_1_122' title='bbox 293 2205 338 2267; x_wconf 89' lang='lat' dir='ltr'><strong>Ut</strong></span> <span class='ocrx_word' id='word_1_123' title='bbox 361 2204 423 2270; x_wconf 92' lang='lat' dir='ltr'><strong>tibi</strong></span> <span class='ocrx_word' id='word_1_124' title='bbox 444 2219 609 2301; x_wconf 87' lang='lat' dir='ltr'><strong>perpetuo</strong></span> <span class='ocrx_word' id='word_1_125' title='bbox 629 2203 753 2289; x_wconf 80' lang='lat' dir='ltr'><strong>placite</strong></span> <span class='ocrx_word' id='word_1_126' title='bbox 774 2217 853 2266; x_wconf 88' lang='lat' dir='ltr'><strong>vota</strong></span> <span class='ocrx_word' id='word_1_127' title='bbox 874 2201 984 2265; x_wconf 84' lang='lat' dir='ltr'><strong>ferant</strong></span> 
     </span>
     <span class='ocr_line' id='line_1_23' title="bbox 251 2285 1049 2384; baseline -0.005 -34"><span class='ocrx_word' id='word_1_128' title='bbox 251 2285 394 2352; x_wconf 85' lang='lat' dir='ltr'><strong>Devotia</strong></span> <span class='ocrx_word' id='word_1_129' title='bbox 416 2287 538 2352; x_wconf 82' lang='lat' dir='ltr'><strong>animae</strong></span> <span class='ocrx_word' id='word_1_130' title='bbox 559 2287 688 2384; x_wconf 83' lang='lat' dir='ltr'><strong>semper</strong></span> <span class='ocrx_word' id='word_1_131' title='bbox 708 2301 741 2349; x_wconf 90' lang='lat' dir='ltr'><strong>te</strong></span> <span class='ocrx_word' id='word_1_132' title='bbox 762 2287 877 2349; x_wconf 86' lang='lat' dir='ltr'><strong>laudet</strong></span> <span class='ocrx_word' id='word_1_133' title='bbox 896 2299 1049 2368; x_wconf 85' lang='lat' dir='ltr'><strong>uterque,</strong></span> 
     </span>
    </p>

    <p class='ocr_par' dir='ltr' id='par_1_16' title="bbox 251 2365 1073 2525">
     <span class='ocr_line' id='line_1_24' title="bbox 293 2365 1073 2453; baseline -0.003 -21"><span class='ocrx_word' id='word_1_134' title='bbox 293 2368 439 2434; x_wconf 85' lang='lat' dir='ltr'><strong>Vocibur</strong></span> <span class='ocrx_word' id='word_1_135' title='bbox 460 2367 665 2434; x_wconf 85' lang='lat' dir='ltr'><strong>harmonicae</strong></span> <span class='ocrx_word' id='word_1_136' title='bbox 687 2368 816 2432; x_wconf 86' lang='lat' dir='ltr'><strong>actibua</strong></span> <span class='ocrx_word' id='word_1_137' title='bbox 838 2383 937 2453; x_wconf 85' lang='lat' dir='ltr'><strong>atque</strong></span> <span class='ocrx_word' id='word_1_138' title='bbox 966 2365 1073 2431; x_wconf 90' lang='lat' dir='ltr'><strong>bonia.</strong></span> 
     </span>
     <span class='ocr_line' id='line_1_25' title="bbox 251 2450 1034 2525; baseline -0.004 -10"><span class='ocrx_word' id='word_1_139' title='bbox 251 2451 390 2516; x_wconf 82' lang='lat' dir='ltr'><strong>Illorum</strong></span> <span class='ocrx_word' id='word_1_140' title='bbox 410 2451 559 2516; x_wconf 71' lang='lat' dir='ltr'><strong>tumidos</strong></span> <span class='ocrx_word' id='word_1_141' title='bbox 579 2450 737 2516; x_wconf 89' lang='lat' dir='ltr'><strong>inimicoa</strong></span> <span class='ocrx_word' id='word_1_142' title='bbox 758 2451 863 2514; x_wconf 80' lang='lat' dir='ltr'><strong>sterne</strong></span> <span class='ocrx_word' id='word_1_143' title='bbox 884 2451 1034 2525; x_wconf 75' lang='lat' dir='ltr'><strong>rebellet,</strong></span> 
     </span>
    </p>

    <p class='ocr_par' dir='ltr' id='par_1_17' title="bbox 249 2533 1060 2710">
     <span class='ocr_line' id='line_1_26' title="bbox 293 2533 1047 2600; baseline 0 -3"><span class='ocrx_word' id='word_1_144' title='bbox 293 2535 362 2597; x_wconf 79' lang='lat' dir='ltr'><strong>Aut</strong></span> <span class='ocrx_word' id='word_1_145' title='bbox 382 2536 444 2600; x_wconf 86' lang='lat' dir='ltr'><strong>hoe</strong></span> <span class='ocrx_word' id='word_1_146' title='bbox 467 2535 645 2598; x_wconf 78' lang='lat' dir='ltr'><strong>conversor</strong></span> <span class='ocrx_word' id='word_1_147' title='bbox 668 2533 807 2596; x_wconf 78' lang='lat' dir='ltr'><strong>subdere</strong></span> <span class='ocrx_word' id='word_1_148' title='bbox 831 2533 915 2596; x_wconf 90' lang='lat' dir='ltr'><strong>colla</strong></span> <span class='ocrx_word' id='word_1_149' title='bbox 936 2553 1047 2597; x_wconf 89' lang='lat' dir='ltr'><strong>mone.</strong></span> 
     </span>
     <span class='ocr_line' id='line_1_27' title="bbox 249 2613 1060 2710; baseline -0.007 -28"><span class='ocrx_word' id='word_1_150' title='bbox 249 2617 304 2682; x_wconf 90' lang='lat' dir='ltr'><strong>Da</strong></span> <span class='ocrx_word' id='word_1_151' title='bbox 326 2636 443 2702; x_wconf 87' lang='lat' dir='ltr'><strong>pacem</strong></span> <span class='ocrx_word' id='word_1_152' title='bbox 465 2617 614 2702; x_wconf 86' lang='lat' dir='ltr'><strong>populo,</strong></span> <span class='ocrx_word' id='word_1_153' title='bbox 637 2614 695 2702; x_wconf 89' lang='lat' dir='ltr'><strong>qui</strong></span> <span class='ocrx_word' id='word_1_154' title='bbox 718 2613 780 2678; x_wconf 91' lang='lat' dir='ltr'><strong>tibi</strong></span> <span class='ocrx_word' id='word_1_155' title='bbox 803 2613 903 2678; x_wconf 83' lang='lat' dir='ltr'><strong>[ervit</strong></span> <span class='ocrx_word' id='word_1_156' title='bbox 923 2615 1060 2710; x_wconf 78' lang='lat' dir='ltr'><strong>ubique,</strong></span> 
     </span>
    </p>

    <p class='ocr_par' dir='ltr' id='par_1_18' title="bbox 198 2696 1135 3032">
     <span class='ocr_line' id='line_1_28' title="bbox 198 2696 1058 2784; baseline 0 -24"><span class='ocrx_word' id='word_1_157' title='bbox 198 2751 203 2760; x_wconf 90' lang='lat'>.</span> <span class='ocrx_word' id='word_1_158' title='bbox 292 2698 455 2763; x_wconf 85' lang='lat' dir='ltr'><strong>Omnibu&#39;</strong></span> <span class='ocrx_word' id='word_1_159' title='bbox 478 2696 683 2784; x_wconf 71' lang='lat' dir='ltr'><strong>christigenis</strong></span> <span class='ocrx_word' id='word_1_160' title='bbox 708 2697 825 2760; x_wconf 87' lang='lat' dir='ltr'><strong>floreat</strong></span> <span class='ocrx_word' id='word_1_161' title='bbox 846 2698 931 2760; x_wconf 86' lang='lat' dir='ltr'><strong>alma</strong></span> <span class='ocrx_word' id='word_1_162' title='bbox 952 2718 1058 2782; x_wconf 75' lang='lat' dir='ltr'><strong>quiea.</strong></span> 
     </span>
     <span class='ocr_line' id='line_1_29' title="bbox 251 2774 1118 2868; baseline 0 -24"><span class='ocrx_word' id='word_1_163' title='bbox 251 2774 298 2844; x_wconf 87' lang='lat' dir='ltr'><strong>Pa</strong></span> <span class='ocrx_word' id='word_1_164' title='bbox 323 2801 405 2845; x_wconf 84' lang='lat' dir='ltr'><strong>anor</strong></span> <span class='ocrx_word' id='word_1_165' title='bbox 426 2781 550 2868; x_wconf 76' lang='lat' dir='ltr'><strong>piratae</strong></span> <span class='ocrx_word' id='word_1_166' title='bbox 575 2786 599 2862; x_wconf 77' lang='lat'><strong>¹)</strong></span> <span class='ocrx_word' id='word_1_167' title='bbox 620 2780 780 2844; x_wconf 78' lang='lat' dir='ltr'><strong>vastanter</strong></span> <span class='ocrx_word' id='word_1_168' title='bbox 801 2801 903 2867; x_wconf 79' lang='lat' dir='ltr'><strong>regna</strong></span> <span class='ocrx_word' id='word_1_169' title='bbox 924 2801 983 2864; x_wconf 87' lang='lat' dir='ltr'><strong>per</strong></span> <span class='ocrx_word' id='word_1_170' title='bbox 1004 2783 1118 2844; x_wconf 88' lang='lat' dir='ltr'><strong>orbem</strong></span> 
     </span>
     <span class='ocr_line' id='line_1_30' title="bbox 294 2803 1072 2950; baseline -0.005 -22"><span class='ocrx_word' id='word_1_171' title='bbox 294 2803 520 2950; x_wconf 58' lang='lat' dir='ltr'><strong>goniumptoe</strong></span> <span class='ocrx_word' id='word_1_172' title='bbox 544 2862 656 2950; x_wconf 85' lang='lat' dir='ltr'><strong>gladio</strong></span> <span class='ocrx_word' id='word_1_173' title='bbox 678 2863 809 2949; x_wconf 76' lang='lat' dir='ltr'><strong>gurgite</strong></span> <span class='ocrx_word' id='word_1_174' title='bbox 830 2883 942 2947; x_wconf 82' lang='lat' dir='ltr'><strong>merge</strong></span> <span class='ocrx_word' id='word_1_175' title='bbox 962 2862 1072 2926; x_wconf 85' lang='lat' dir='ltr'><strong>marie.</strong></span> 
     </span>
     <span class='ocr_line' id='line_1_31' title="bbox 251 2943 1135 3032; baseline -0.002 -24"><span class='ocrx_word' id='word_1_176' title='bbox 251 2947 290 3008; x_wconf 94' lang='lat' dir='ltr'><strong>ln</strong></span> <span class='ocrx_word' id='word_1_177' title='bbox 312 2947 414 3028; x_wconf 71' lang='lat' dir='ltr'><strong>syrtes</strong></span> <span class='ocrx_word' id='word_1_178' title='bbox 434 2943 541 3028; x_wconf 80' lang='lat' dir='ltr'><strong>variat</strong></span> <span class='ocrx_word' id='word_1_179' title='bbox 564 2945 636 3032; x_wconf 86' lang='lat' dir='ltr'><strong>sper</strong></span> <span class='ocrx_word' id='word_1_180' title='bbox 660 2961 759 3010; x_wconf 87' lang='lat' dir='ltr'><strong>antor</strong></span> <span class='ocrx_word' id='word_1_181' title='bbox 781 2944 914 3010; x_wconf 87' lang='lat' dir='ltr'><strong>flatibue</strong></span> <span class='ocrx_word' id='word_1_182' title='bbox 936 2945 1042 3020; x_wconf 76' lang='lat' dir='ltr'><strong>austri,</strong></span> <span class='ocrx_word' id='word_1_183' title='bbox 1126 2975 1135 3006; x_wconf 77' lang='grc' dir='ltr'><strong><em>ι</em></strong></span> 
     </span>
    </p>

    <p class='ocr_par' dir='ltr' id='par_1_19' title="bbox 253 3027 1004 3290">
     <span class='ocr_line' id='line_1_32' title="bbox 293 3027 893 3102; baseline -0.002 -9"><span class='ocrx_word' id='word_1_184' title='bbox 293 3029 367 3094; x_wconf 92' lang='lat' dir='ltr'><strong>lllic</strong></span> <span class='ocrx_word' id='word_1_185' title='bbox 388 3045 427 3094; x_wconf 88' lang='lat' dir='ltr'><strong>ut</strong></span> <span class='ocrx_word' id='word_1_186' title='bbox 473 3045 586 3094; x_wconf 88' lang='lat' dir='ltr'><strong>ereant</strong></span> <span class='ocrx_word' id='word_1_187' title='bbox 606 3051 644 3093; x_wconf 86' lang='lat' dir='ltr'><strong>ae</strong></span> <span class='ocrx_word' id='word_1_188' title='bbox 671 3029 746 3092; x_wconf 85' lang='lat' dir='ltr'><strong>ibua</strong></span> <span class='ocrx_word' id='word_1_189' title='bbox 765 3027 893 3102; x_wconf 87' lang='lat' dir='ltr'><strong>oceani.</strong></span> 
     </span>
     <span class='ocr_line' id='line_1_33' title="bbox 253 3053 1004 3198; baseline -0.004 -23"><span class='ocrx_word' id='word_1_190' title='bbox 253 3112 324 3176; x_wconf 82' lang='lat' dir='ltr'><strong>Noa</strong></span> <span class='ocrx_word' id='word_1_191' title='bbox 344 3129 424 3180; x_wconf 81' lang='lat' dir='ltr'><strong>vero</strong></span> <span class='ocrx_word' id='word_1_192' title='bbox 445 3053 550 3178; x_wconf 72' lang='lat' dir='ltr'><strong>iieroa‘</strong></span> <span class='ocrx_word' id='word_1_193' title='bbox 571 3131 657 3198; x_wconf 90' lang='lat' dir='ltr'><strong>puro</strong></span> <span class='ocrx_word' id='word_1_194' title='bbox 680 3127 714 3175; x_wconf 87' lang='lat' dir='ltr'><strong>te</strong></span> <span class='ocrx_word' id='word_1_195' title='bbox 734 3113 834 3175; x_wconf 86' lang='lat' dir='ltr'><strong>corde</strong></span> <span class='ocrx_word' id='word_1_196' title='bbox 856 3111 1004 3174; x_wconf 75' lang='lat' dir='ltr'><strong>colenter</strong></span> 
     </span>
     <span class='ocr_line' id='line_1_34' title="bbox 293 3193 983 3290; baseline -0.003 -32"><span class='ocrx_word' id='word_1_197' title='bbox 293 3197 405 3262; x_wconf 87' lang='lat' dir='ltr'><strong>Ducaa</strong></span> <span class='ocrx_word' id='word_1_198' title='bbox 428 3193 593 3262; x_wconf 79' lang='lat' dir='ltr'><strong>aetheriae</strong></span> <span class='ocrx_word' id='word_1_199' title='bbox 614 3195 716 3260; x_wconf 80' lang='lat' dir='ltr'><strong>fidere</strong></span> <span class='ocrx_word' id='word_1_200' title='bbox 737 3194 833 3290; x_wconf 75' lang='lat' dir='ltr'><strong>supra</strong></span> <span class='ocrx_word' id='word_1_201' title='bbox 852 3195 983 3257; x_wconf 86' lang='lat' dir='ltr'><strong>chorot.</strong></span> 
     </span>
    </p>
   </div>
   <div class='ocr_carea' id='block_1_5' title="bbox 542 3360 1185 3562">
    <p class='ocr_par' dir='ltr' id='par_1_20' title="bbox 542 3360 1185 3562">
     <span class='ocr_line' id='line_1_35' title="bbox 709 3360 909 3424; baseline -0.02 0"><span class='ocrx_word' id='word_1_202' title='bbox 709 3360 851 3424; x_wconf 86' lang='lat' dir='ltr'><strong>Carmen</strong></span> <span class='ocrx_word' id='word_1_203' title='bbox 871 3360 909 3421; x_wconf 88' lang='lat' dir='ltr'><strong>V.</strong></span> 
     </span>
     <span class='ocr_line' id='line_1_36' title="bbox 542 3481 1185 3562; baseline -0.002 -2"><span class='ocrx_word' id='word_1_204' title='bbox 542 3485 602 3560; x_wconf 85' lang='lat' dir='ltr'><strong>Dc</strong></span> <span class='ocrx_word' id='word_1_205' title='bbox 627 3481 762 3562; x_wconf 80' lang='lat' dir='ltr'><strong>Christi</strong></span> <span class='ocrx_word' id='word_1_206' title='bbox 787 3486 1061 3560; x_wconf 81' lang='lat' dir='ltr'><strong>resurrectione.</strong></span> <span class='ocrx_word' id='word_1_207' title='bbox 1182 3528 1185 3532; x_wconf 90' lang='lat'>·</span> 
     </span>
    </p>
   </div>
   <div class='ocr_carea' id='block_1_6' title="bbox 253 3649 1155 3818">
    <p class='ocr_par' dir='ltr' id='par_1_21' title="bbox 253 3619 1155 3818">
     <span class='ocr_line' id='line_1_37' title="bbox 253 3649 1155 3736; baseline -0.001 -20"><span class='ocrx_word' id='word_1_208' title='bbox 253 3649 393 3732; x_wconf 75' lang='lat' dir='ltr'><strong>Mystico</strong></span> <span class='ocrx_word' id='word_1_209' title='bbox 412 3653 602 3718; x_wconf 83' lang='lat' dir='ltr'><strong>sanctorum</strong></span> <span class='ocrx_word' id='word_1_210' title='bbox 622 3651 818 3736; x_wconf 87' lang='lat' dir='ltr'><strong>panduntur</strong></span> <span class='ocrx_word' id='word_1_211' title='bbox 840 3651 993 3736; x_wconf 79' lang='lat' dir='ltr'><strong>dogmata</strong></span> <span class='ocrx_word' id='word_1_212' title='bbox 1014 3665 1155 3734; x_wconf 85' lang='lat' dir='ltr'><strong>patrum,</strong></span> 
     </span>
     <span class='ocr_line' id='line_1_38' title="bbox 292 3731 1044 3818; baseline 0 -22"><span class='ocrx_word' id='word_1_213' title='bbox 292 3733 478 3800; x_wconf 84' lang='lat' dir='ltr'><strong>Pneumate</strong></span> <span class='ocrx_word' id='word_1_214' title='bbox 499 3731 671 3800; x_wconf 73' lang='lat' dir='ltr'><strong>sanctifico</strong></span> <span class='ocrx_word' id='word_1_215' title='bbox 694 3755 778 3818; x_wconf 86' lang='lat' dir='ltr'><strong>quae</strong></span> <span class='ocrx_word' id='word_1_216' title='bbox 794 3732 951 3798; x_wconf 84' lang='lat' dir='ltr'><strong>cecinere</strong></span> <span class='ocrx_word' id='word_1_217' title='bbox 969 3735 1044 3797; x_wconf 88' lang='lat' dir='ltr'><strong>Deo</strong></span> 
     </span>
    </p>
   </div>
   <div class='ocr_carea' id='block_1_7' title="bbox 125 3813 1069 3902">
    <p class='ocr_par' dir='ltr' id='par_1_22' title="bbox 125 3813 1069 3902">
     <span class='ocr_line' id='line_1_39' title="bbox 125 3813 1069 3902; baseline -0.001 -21"><span class='ocrx_word' id='word_1_218' title='bbox 125 3843 133 3862; x_wconf 93' lang='lat'><strong>·</strong></span> <span class='ocrx_word' id='word_1_219' title='bbox 253 3813 397 3882; x_wconf 77' lang='lat' dir='ltr'><strong>Aeterno</strong></span> <span class='ocrx_word' id='word_1_220' title='bbox 419 3816 522 3902; x_wconf 86' lang='lat' dir='ltr'><strong>patria</strong></span> <span class='ocrx_word' id='word_1_221' title='bbox 543 3818 662 3892; x_wconf 86' lang='lat' dir='ltr'><strong>verbo,</strong></span> <span class='ocrx_word' id='word_1_222' title='bbox 684 3836 751 3902; x_wconf 82' lang='lat' dir='ltr'><strong>quo</strong></span> <span class='ocrx_word' id='word_1_223' title='bbox 772 3831 894 3881; x_wconf 85' lang='lat' dir='ltr'><strong>cuncta</strong></span> <span class='ocrx_word' id='word_1_224' title='bbox 915 3830 1069 3880; x_wconf 85' lang='lat' dir='ltr'><strong>creantur</strong></span> 
     </span>
    </p>
   </div>
   <div class='ocr_carea' id='block_1_8' title="bbox 255 3895 1145 4140">
    <p class='ocr_par' dir='ltr' id='par_1_23' title="bbox 255 3895 1145 4140">
     <span class='ocr_line' id='line_1_40' title="bbox 296 3895 1003 3986; baseline -0.006 -20"><span class='ocrx_word' id='word_1_225' title='bbox 296 3902 448 3966; x_wconf 81' lang='lat' dir='ltr'><strong>Occultra</strong></span> <span class='ocrx_word' id='word_1_226' title='bbox 468 3899 592 3966; x_wconf 80' lang='lat' dir='ltr'><strong>finibus</strong></span> <span class='ocrx_word' id='word_1_227' title='bbox 614 3897 733 3964; x_wconf 87' lang='lat' dir='ltr'><strong>ordine</strong></span> <span class='ocrx_word' id='word_1_228' title='bbox 755 3895 1003 3986; x_wconf 81' lang='lat' dir='ltr'><strong>quaeque&#39;suie.</strong></span> 
     </span>
     <span class='ocr_line' id='line_1_41' title="bbox 255 3979 1145 4081; baseline -0.004 -33"><span class='ocrx_word' id='word_1_229' title='bbox 255 3985 280 4048; x_wconf 83' lang='lat' dir='ltr'>F</span> <span class='ocrx_word' id='word_1_230' title='bbox 282 3983 392 4050; x_wconf 86' lang='lat' dir='ltr'><strong>abrica</strong></span> <span class='ocrx_word' id='word_1_231' title='bbox 413 4003 480 4081; x_wconf 79' lang='lat' dir='ltr'><strong>quo</strong></span> <span class='ocrx_word' id='word_1_232' title='bbox 500 3983 620 4050; x_wconf 86' lang='lat' dir='ltr'><strong>mundi</strong></span> <span class='ocrx_word' id='word_1_233' title='bbox 644 3979 760 4047; x_wconf 83' lang='lat' dir='ltr'><strong>formis</strong></span> <span class='ocrx_word' id='word_1_234' title='bbox 784 3983 876 4048; x_wconf 82' lang='lat' dir='ltr'><strong>srmul</strong></span> <span class='ocrx_word' id='word_1_235' title='bbox 899 3979 1145 4050; x_wconf 42' lang='lat' dir='ltr'><strong>omnibaaruna</strong></span> 
     </span>
     <span class='ocr_line' id='line_1_42' title="bbox 274 4064 889 4140; baseline 0.003 -12"><span class='ocrx_word' id='word_1_236' title='bbox 274 4121 278 4128; x_wconf 77' lang='grc'>,</span> <span class='ocrx_word' id='word_1_237' title='bbox 295 4067 461 4140; x_wconf 77' lang='lat' dir='ltr'><strong>Surrexit,</strong></span> <span class='ocrx_word' id='word_1_238' title='bbox 485 4064 592 4129; x_wconf 82' lang='lat' dir='ltr'><strong>fuerat</strong></span> <span class='ocrx_word' id='word_1_239' title='bbox 612 4081 652 4128; x_wconf 90' lang='lat' dir='ltr'><strong>ut</strong></span> <span class='ocrx_word' id='word_1_240' title='bbox 672 4065 803 4131; x_wconf 87' lang='lat' dir='ltr'><strong>ratione</strong></span> <span class='ocrx_word' id='word_1_241' title='bbox 823 4067 889 4132; x_wconf 80' lang='lat' dir='ltr'><strong>fua.</strong></span> 
     </span>
    </p>
   </div>
   <div class='ocr_carea' id='block_1_9' title="bbox 263 4179 482 4192">
    <p class='ocr_par' dir='ltr' id='par_1_24' title="bbox 263 4179 482 4192">
     <span class='ocr_line' id='line_1_43' title="bbox 263 4179 482 4192; baseline 0.009 -2"><span class='ocrx_word' id='word_1_242' title='bbox 263 4179 482 4192; x_wconf 55' lang='lat' dir='ltr'><strong>nnn—*cu-</strong></span> 
     </span>
    </p>
   </div>
   <div class='ocr_carea' id='block_1_10' title="bbox 286 4219 780 4290">
    <p class='ocr_par' dir='ltr' id='par_1_25' title="bbox 286 4219 780 4290">
     <span class='ocr_line' id='line_1_44' title="bbox 286 4219 780 4290; baseline -0.02 -13"><span class='ocrx_word' id='word_1_243' title='bbox 286 4221 313 4290; x_wconf 87' lang='lat'><strong>1)</strong></span> <span class='ocrx_word' id='word_1_244' title='bbox 329 4219 530 4278; x_wconf 81' lang='lat' dir='ltr'><strong>Northmauaor</strong></span> <span class='ocrx_word' id='word_1_245' title='bbox 546 4219 628 4273; x_wconf 81' lang='lat' dir='ltr'><strong>clarae</strong></span> <span class='ocrx_word' id='word_1_246' title='bbox 648 4219 780 4276; x_wconf 78' lang='lat' dir='ltr'><strong>advertor.</strong></span> 
     </span>
    </p>
   </div>
   <div class='ocr_carea' id='block_1_11' title="bbox 0 0 1447 4820">
    <p class='ocr_par' dir='ltr' id='par_1_26' title="bbox 0 0 1447 4820">
     <span class='ocr_line' id='line_1_45' title="bbox 0 0 1447 4820; baseline 0 0"><span class='ocrx_word' id='word_1_247' title='bbox 0 0 1447 4820; x_wconf 95' lang='lat' dir='ltr'><strong> </strong></span> 
     </span>
    </p>
   </div>
  </div>
 </body>
</html>
