2970 4826
510 291 618 366 uter
639 291 803 378 ordonn
1128 294 1208 366 46³

77 478 135 564 Ep
168 473 447 564 incorporalibus
479 476 572 546 enim
598 475 939 570 intelligibilibusque
969 472 1154 566 corporalia
1174 491 1210 544 et

78 559 261 628 sensibilia
283 561 449 649 originem
470 563 612 628 ducunt.
846 577 852 594 ·
1018 638 1023 649 ,

149 655 202 724 ¹5·
225 646 274 709 D.
299 645 427 712 Rellett
449 667 514 711 nec
534 645 619 712 aliur
640 645 750 712 exitur
772 647 814 712 de
834 643 1001 734 praesenti
1017 641 1209 732 quaestione

79 727 229 794 videtur
251 729 342 814 polle
364 727 524 795 inveniti.
559 731 680 796 Adhuc
703 746 815 794 tamen
836 729 941 796 velim
961 725 1109 796 breviter
1129 726 1208 792 deli·

78 811 182 878 niant
207 809 321 898 qualia
339 809 430 878 inter
444 814 556 878 causae
569 829 604 879 et
618 813 813 880 substantioe
822 811 1012 878 differentia
1020 812 1068 876 fit.
1092 812 1208 875 utrae.

6 933 8 938 ’
79 917 153 1044 lt?
166 915 333 1044 lull?
352 891 1208 1046 ⁵llllltll.⁶‘0lltll⁵llsstl”ll..lull

76 1061 118 1127 in
150 1063 267 1130 remo
297 1001 372 1125 Dei
387 1061 593 1132 constitutae.
637 1063 792 1151 Singulae
823 1085 905 1130 vero
926 1062 1138 1137 substantiae,
1172 1075 1208 1125 et

76 1143 340 1232 specialissimae
368 1145 576 1232 lingularum
606 1162 642 1213 et
669 1145 968 1236 specialiffimarum
997 1169 1110 1212 rerum
1154 1163 1208 1209 ro·

76 1228 256 1318 prietates
279 1243 314 1318 et
335 1228 483 1296 rationet
505 1231 541 1296 in
563 1229 640 1330 ipsit
662 1233 765 1298 otufir
787 1230 973 1297 distributae
996 1247 1030 1294 et
1050 1251 1115 1294 con
1145 1227 1207 1292 'tu-

77 1329 146 1378 tae.
193 1315 242 1378 D.
284 1315 407 1398 Aperte
437 1333 476 1378 cc
502 1315 649 1380 brevrter
679 1315 723 1379 est
744 1315 936 1381 discretum.
976 1317 1028 1378 Ex
1048 1313 1125 1398 ipfie
1146 1311 1209 1376 ita-
1253 1373 1256 1386 .

105 1417 153 1460 ue
177 1394 288 1460 mulie
310 1411 343 1458 et
365 1395 552 1462 substantiis
574 1402 722 1464 mundae
744 1399 819 1475 iste,
842 1397 1027 1486 coagulutie
1047 1395 1208 1480 videlicet

79 1501 94 1545 a
124 1499 228 1544 arum
252 1477 471 1565 qualitatibus
491 1483 707 1568 precelleret,
733 1481 824 1548 etin
847 1483 969 1548 eadem·
985 1481 1108 1546 iterum
1130 1480 1207 1541 suae

77 1559 310 1638 resolutionis
339 1577 490 1649 tempore
524 1565 716 1632 reversurue'
745 1581 780 1636 ot
809 1563 1009 1630 tranaiturua
1041 1562 1114 1627 erit.
1156 1561 1206 1625 Μ.

79 1643 144 1712 Nil
175 1643 296 1710 verina
325 1645 530 1734 veritatique
582 1647 785 1736 ropinquiut
808 1649 1014 1736 credendum
1036 1645 1080 1710 esl
1102 1661 1137 1709 et
1156 1641 1208 1709 in·

80 1727 332 1816 telligenduru.
375 1729 448 1877 lpse
475 1673 639 1818 srquiiem
665 1732 787 1798 veritae
808 1731 874 1798 aitt
912 1733 1042 1799 Corium
1064 1743 1098 1794 et
1116 1733 1209 1794 tomi

79 1813 302 1880 transibunt:
332 1835 391 1876 ver
412 1837 433 1876 c
459 1829 571 1880 antem
603 1839 676 1880 mro
698 1830 763 1884 non
782 1815 980 1881 transibunt.
1023 1817 1088 1878 Sed
1110 1833 1210 1900 quor·

81 1897 163 1962 sum
195 1897 333 1962 coelum
359 1911 394 1962 et
423 1912 510 1962 terra
538 1899 757 1992 tremibunt‘l
788 1899 955 2047 Nuntguid
975 1897 1012 1962 in
1034 1895 1207 1962 nibilum?

80 1983 130 2046 D.
169 1975 277 2046 Abfit.
331 1981 411 2043 Non
441 1979 535 2046 enim
555 1982 641 2046 illud
660 1985 731 2048 ullo
751 1983 855 2048 modo
901 1981 1071 2046 icendum.
1112 1979 1210 2043 Nihi-

81 2065 162 2141 lum
186 2079 304 2128 autem
323 2081 418 2127 nunc
443 2061 520 2129 dico
543 2064 726 2130 absentiam
748 2081 782 2130 et
803 2063 1031 2152 privationem
1053 2061 1210 2129 omnium

83 2145 323 2294 ςιοιίιιιξῦσῐιιιὲἰ
346 2160 499 2298 etfiffipe
519 2147 708 2296 mussanti
739 2147 776 2213 in
796 2169 865 2236 quo
885 2147 1153 2242 nullacreatu'ra
1173 2159 1209 2210 et

83 2253 123 2295 vr
205 2251 236 2296 ro
312 2251 385 2294 mvt
434 2251 488 2296 rte
510 2252 665 2298 uectura
712 2248 735 2298 t.

157 2313 212 2378 16.
239 2314 290 2377 Μ.
331 2313 499 2399 Quorsum
519 2301 779 2406 igitur'coelum
801 2330 835 2381 et
855 2329 977 2381 terram
998 2333 1076 2378 cum
1100 2311 1209 2378 omni·

83 2399 153 2462 bue
176 2418 267 2486 quae
290 2395 328 2464 in
351 2397 398 2463 eie
421 2399 498 2464 sunt
519 2399 728 2466 transituras
756 2401 859 2485 Quod
880 2397 973 2464 enim
992 2397 1116 2462 veritas
1132 2417 1209 2484 pro·

84 2480 199 2558 milit,
222 2481 466 2550 inevitabiliter
487 2485 560 2549 erit.
603 2484 749 2550 D.'Non
772 2483 928 2548 aliorsum
950 2497 990 2544 ut
1010 2481 1131 2546 censeo
1145 2479 1209 2544 nisa
1245 2541 1248 2548 .

86 2564 127 2628 in
152 2585 194 2629 ee
216 2587 257 2628 ex
301 2567 401 2630 uibus
422 2569 659 2654 protullerunt.
692 2568 925 2632 Processerunt
945 2580 1057 2629 autern
1081 2585 1121 2627 ex
1132 2563 1219 2628 cau·'
1263 2635 1266 2642 ,

84 2647 127 2714 iit
159 2587 435 2734 generisiffimit,
467 2667 502 2714 ct
528 2649 765 2738 specialisfimie
794 2647 999 2724 substantiia,
1029 2669 1089 2734 per
1118 2668 1209 2711 com·

84 2746 210 2832 poetae
241 2731 279 2794 in
308 2733 483 2796 materiam
514 2735 691 2818 qualitates
721 2731 835 2797 addita
856 2733 973 2796 sorma.
1015 2733 1054 2794 ln
1077 2733 1211 2794 eaedem

88 2811 205 2898 igitur
225 2811 463 2900 incunctanter
485 2816 686 2881 tranaibunt.
738 2818 805 2880 Sed
826 2837 911 2902 quae
932 2815 1010 2878 sunt
1029 2813 1086 2878 illa
1107 2815 1211 2878 verba

90 2893 273 2966 veritatis.
302 2919 388 2984 quae
409 2921 584 2985 nunquam
611 2897 822 2973 transibunt,
855 2897 947 2962 nolle
973 2895 1087 2959 velim.
1129 2897 1210 2960 Nou

89 2976 189 3043 enim
219 2977 277 3042 illa
305 3001 392 3068 quae
418 2981 492 3046 ictu
513 2981 597 3046 ebrie
617 2981 858 3072 proferuntura
891 2977 1013 3078 quibua
1034 2978 1104 3066 ipsa
1125 2977 1211 3043 veri·

89 3077 165 3138 tat,
203 3063 284 3126 dum
313 3063 468 3150 praesent
501 3063 538 3130 in
562 3087 662 3130 carne
687 3065 796 3128 suerat
809 3061 1011 3129 bominibus
1030 3064 1146 3127 locuta
1166 3061 1212 3125 ett

89 3143 297 3210 crediderim
327 3147 400 3212 else.
444 3147 653 3214 Transitorio
686 3169 832 3234 namque
854 3159 969 3210 erantt
999 3144 1082 3210 ficut
1104 3161 1138 3209 et
1158 3165 1212 3210 ce·

92 3245 246 3294 tororum
268 3229 447 3296 bominum
468 3233 580 3297 verba.
623 3233 671 3296 Μ.
694 3233 773 3297 Non
796 3230 860 3296 alia
882 3226 1022 3294 dixerim
1041 3231 1142 3293 verbe
1155 3249 1212 3292 ve·

88 3312 223 3390 rimie,
257 3313 311 3376 vel
342 3329 382 3377 ut
411 3316 459 3380 ita
495 3315 604 3380 dicam
626 3317 725 3379 rerba
748 3314 847 3380 Verbi
878 3311 968 3411 (qpia
988 3310 1111 3380 veritae
1133 3313 1211 3376 Ver·

91 3399 177 3462 bum
200 3397 284 3476 ellt)
305 3397 367 3461 nist
388 3399 500 3464 causae
522 3399 687 3485 praefatae
711 3413 745 3462 et
766 3397 976 3471 substantiae,
1010 3399 1076 3460 hoc
1097 3395 1141 3460 eil
1160 3394 1212 3460 in·
1325 3473 1329 3480 ¹
1446 3425 1449 3432 ·

94 3479 354 3546 commutabiles
379 3505 491 3546 rerum
521 3481 670 3548 rationes
698 3481 736 3544 in
767 3479 930 3568 sapientia
955 3477 1022 3542 Dei
1043 3479 1146 3543 factae
1165 3480 1212 3542 sc·

93 3567 247 3630 cundum
281 3584 363 3652 quar
390 3564 533 3630 visibilia
564 3581 599 3629 et
630 3563 811 3632 invistbilia
832 3561 970 3630 condita
991 3564 1086 3640 sunt,
1118 3577 1152 3626 et
1172 3560 1211 3626 in

92 3665 177 3730 quoe
205 3649 339 3712 coelum
374 3665 408 3714 et
430 3665 516 3713 terra
537 3647 740 3716 transibunt.
786 3647 880 3734 lpsae
902 3661 1015 3711 autem
1034 3665 1212 3734 nunquam

42 3769 45 3776 ι
94 3747 263 3814 nmquam
294 3723 511 3796 transibuntt
541 3731 703 3832 quoniam
730 3729 767 3795 in
793 3732 903 3797 Verbo
936 3727 1002 3792 Dei
1028 3727 1211 3827 unigenito

67 3811 203 3874 'veluti
233 3815 397 3899 quaedam
423 3817 526 3880 rerba
555 3813 740 3880 meffabilia
771 3829 806 3878 et
826 3812 1118 3878 incommutabilia
1138 3821 1212 3898 per*-

94 3893 277 4039 Keturliter
297 3913 448 3965 manent.
492 3899 588 3984 Quae
608 3899 729 3973 verba,
752 3913 834 3961 uto
860 3895 954 3970 inor,
977 3893 1109 3959 audivit
1124 3897 1212 3980 Apo·

122 3977 218 4054 olue,
240 3984 375 4066 quando
396 3981 434 4046 in
455 3981 646 4070 paradisum
667 3997 783 4078 raptus
806 3919 860 4046 eli.
890 3978 976 4064 Quia
997 3977 1086 4043 enim
1111 3998 1210 4064 ange·

93 4061 207 4126 lorum
238 4065 294 4128 vel
325 4066 504 4132 bominum
531 4064 595 4131 lari
623 4067 736 4129 verbre
768 4065 825 4128 rel
859 4077 974 4133 mente
1007 4077 1213 4148 cognoscere

95 4143 197 4232 poffit
217 4165 318 4232 quat.
343 4165 377 4214 et
422 4152 536 4227 ualet,
559 4164 595 4213 et
614 4163 756 4238 quantae
776 4145 925 4211 rationes
940 4167 1052 4212 rerum
1068 4143 1104 4208 in
1117 4141 1210 4229 prin·

97 4225 212 4317 cipio,
234 4231 342 4297 Verbo
363 4171 525 4300 viselioet
543 4231 625 4312 luo,
646 4231 747 4299 Pater
767 4245 847 4297 ante
867 4228 982 4296 omnia
1004 4243 1155 4314 tempora
1176 4241 1212 4292 et
