3038 4828
501 225 609 302 wer
632 227 787 302 enam.
1079 335 1083 346 ¹
1118 227 1200 300 ΞΜ

86 413 153 490 tit,
179 429 216 480 et
237 413 490 481 exuemtutum·
507 413 656 490 ratione,
686 427 721 480 et
743 411 918 501 spirituali
933 410 1081 480 ‘omnino
1102 429 1198 480 natu·

82 521 140 572 ra,
173 496 284 564 veluti
315 520 354 564 ex
385 521 454 566 una
483 498 692 566 extremitate
720 513 755 563 et
782 496 945 596 superiori
970 513 1003 562 et
1025 519 1064 560 ex
1086 498 1198 571 altera,

83 587 153 646 hoc
173 581 237 656 att,
277 582 481 660 exomnino
504 605 664 670 corporea
685 603 746 669 pro
773 580 984 648 ortronaliter
1003 580 1040 646 in
1063 581 1096 644 se
1118 581 1201 646 reci·

112 665 156 738 it,
185 667 278 730 uride
310 666 463 753 proprie,
496 684 531 732 et
561 607 826 732 connaturaliter
846 663 1111 742 extremitatibua
1134 663 1201 728 luia

84 689 243 824 lubfistin
272 749 418 836 proinde
450 750 549 837 liquit
579 765 727 820 attentus
749 749 932 835 inspexerit
952 747 988 812 in
1010 751 1073 814 bac
1094 764 1202 812 terna·
1289 815 1294 836 Ι

83 831 136 897 ria
165 833 484 919 proportionalitate
499 871 500 875 =
516 838 610 899 bunc
638 835 805 898 mundum
839 831 1057 898 constitutum
1078 829 1203 896 intelli·

82 931 162 1004 geta
199 916 362 1014 liquidem
385 915 421 984 in
443 916 665 1064 puantumin
687 915 876 982 rationibus
900 916 983 991 luia,
1018 915 1202 1001 inquibat

84 999 301 1075 essentialiter
322 1016 358 1064 et
377 1023 442 1066 con
472 999 578 1068 itutue
600 1001 660 1076 cll,
685 1017 719 1066 et
741 997 954 1065 essentialiter
967 997 1104 1074 subsistit
1121 1020 1202 1064 con·

85 1080 264 1161 sideratu'r,
306 1105 377 1150 non
408 1082 744 1171 solumspiritualia,
778 1105 896 1150 verum
929 1082 1031 1150 etiam
1059 1082 1203 1150 omnino

85 1165 224 1252 spiritua
257 1167 492 1254 cognoscitur,
526 1189 627 1233 nemo
660 1167 752 1232 enim
773 1183 865 1234 recte
884 1165 1205 1254 Philosophantium

83 1249 236 1314 rationea
258 1272 438 1338 corporeae
459 1267 600 1316 naturae
621 1250 827 1338 spiritualer,
850 1250 921 1316 imo
944 1249 1044 1316 etiam
1067 1249 1204 1338 spirituo

83 1333 150 1400 effe
180 1335 333 1421 negarit,
373 1337 455 1400 dum
482 1355 563 1400 vero
593 1351 760 1400 extremae
791 1333 892 1421 ipstua
915 1335 1068 1400 deorsum
1089 1335 1204 1400 versut

85 1415 318 1502 inspiciuntur
345 1433 475 1504 partes,
507 1421 575 1484 boc
596 1415 659 1494 est,
690 1416 805 1483 omnia
826 1416 884 1482 itta
906 1417 1058 1504 Corpora
1080 1439 1120 1483 ex
1142 1420 1204 1484 Ca·

86 1500 227 1566 tholicia
256 1501 433 1566 elementia
463 1500 666 1587 compotita,
699 1501 845 1566 maxime
867 1499 968 1566 etiam
991 1508 1141 1577 terrena,
1171 1515 1206 1566 et
1256 1537 1258 1547 ι

84 1583 263 1669 aquatica,
311 1605 397 1671 quae
426 1599 461 1648 et
486 1581 733 1672 generationi,
752 1600 787 1649 et
815 1583 1030 1670 corruptioni
1057 1582 1206 1650 obnoxia
1235 1637 1237 1642 .

85 1667 189 1742 sunt,
221 1667 308 1732 nibil
330 1667 422 1732 aliud
443 1666 478 1732 in
501 1665 545 1732 iio
564 1667 732 1765 reperitur
751 1689 883 1766 praeter
904 1689 1046 1754 corpur,
1080 1684 1116 1734 et
1136 1689 1208 1734 om-

84 1749 175 1815 nino
205 1771 424 1849 cprporeumt
455 1765 489 1814 at
516 1751 636 1836 srqura
656 1751 860 1837 simplicium
881 1751 1129 1818 elementorum
1148 1771 1205 1816 na·
1312 1753 1315 1766 '

85 1849 199 1898 turam
220 1849 411 1906 intueatur,
444 1835 521 1897 luce
543 1831 665 1896 clariua
689 1838 857 1920 quandam
880 1834 1207 1920 proportionabilem

84 1915 306 1982 medietatem
326 1914 496 1988 inveniet,
520 1936 587 2001 que
606 1935 671 1980 nec
692 1915 835 1982 omnino
857 1936 979 2003 corpur
1002 1919 1101 1994 sunt,
1125 1939 1207 2006 quo·

87 1999 184 2066 niam
215 2021 331 2067 eorum
353 1997 573 2084 corruptione
593 1997 759 2064 naturalia
781 2021 922 2084 corpora
945 2001 1140 2077 subsrllunt,
1173 2015 1208 2065 et

87 2083 205 2150 coitur
235 2104 301 2148 nec
327 2080 470 2146 omnino
492 2101 673 2166 corporeae
694 2097 834 2147 naturae
855 2083 1027 2166 expertia,
1063 2088 1143 2148 dum
1166 2086 1207 2149 ab

87 2167 138 2232 eia
160 2166 276 2232 omnia
296 2187 437 2252 corpora
458 2163 650 2251 profluant,
674 2163 765 2228 etin
788 2185 827 2228 ea
847 2162 970 2228 iterum
985 2167 1206 2244 resolvantur,

89 2267 126 2316 et
163 2248 288 2315 iterum
322 2251 464 2314 alterum
501 2246 597 2311 alteri
626 2245 790 2334 superiori
823 2245 961 2333 quidem
996 2249 1208 2316 extremitate

87 2350 299 2422 comparata,
320 2355 385 2400 nec
407 2327 549 2398 omnino
572 2329 707 2417 spiritua
729 2331 825 2406 sunt,
857 2331 1019 2418 quoniam
1040 2355 1112 2400 non
1137 2355 1207 2400 orn·

87 2417 176 2484 nino
200 2438 360 2504 corporea
382 2413 592 2480 extremitate
614 2415 784 2492 absoluta,
806 2434 872 2480 nec
893 2415 1035 2482 omnino
1054 2440 1125 2482 non
1146 2415 1208 2504 tpi-

88 2501 196 2577 ritua,
227 2499 389 2588 quoniam
416 2521 457 2567 ex
484 2495 673 2564 rationibua
696 2497 839 2564 omnino
860 2499 1089 2586 spiritualibus
1111 2503 1209 2568 subst-

89 2583 230 2650 lientiae
252 2586 328 2650 suae
349 2583 538 2652 occafionea
560 2582 752 2670 accipiunt;
773 2604 844 2648 non
859 2582 1134 2651 irrationabiliter
1148 2584 1210 2650 ita·

90 2692 158 2768 que
189 2667 353 2743 diximus,
387 2671 481 2732 hunc
508 2670 676 2732 mundum
707 2665 933 2734 extremitates
955 2673 1115 2756 quaedam
1136 2690 1154 2734 a
1175 2669 1210 2734 se

90 2751 241 2820 invicem
263 2752 403 2840 penitus
426 2751 601 2824 diacretaa,
626 2765 662 2816 et
681 2751 897 2828 medietatea,
926 2751 960 2816 in
985 2753 1109 2839 quibua
1132 2749 1208 2816 uni·

35 2863 37 2868 ·
91 2837 256 2904 versitatis
277 2857 419 2902 concors
440 2833 616 2900 hannonia
637 2835 873 2920 conjungitur,
895 2835 1069 2923 possidere.
1098 2839 1208 2902 Pona-

92 2944 171 2988 mue
191 2919 296 3008 igitur
316 2917 491 2986 inseriorea
514 2921 615 2998 bujua
636 2916 757 2984 mundi
778 2935 907 3004 parter,
941 2920 1050 2986 veluti
1072 2919 1211 2988 inferio·

93 3026 149 3070 rea
172 3025 295 3091 aquae:
315 3025 381 3070 nec
403 3001 592 3077 immerito,
617 3004 698 3068 dum
721 3016 831 3066 totum
854 3005 946 3100 quod
966 3003 1003 3068 in
1025 3007 1092 3068 boc
1112 3025 1212 3070 mun·

96 3091 140 3154 do
157 3087 324 3164 narcitur,
346 3089 488 3152 humore
505 3084 642 3161 creacit,
665 3100 766 3172 atque
780 3100 940 3161 nutritur,
962 3087 1101 3152 humida
1114 3088 1211 3174 liqui.

95 3175 174 3238 dem
194 3169 356 3257 qualitate
376 3169 573 3258 corporibus
594 3169 739 3244 sublata,
763 3171 888 3256 abeque
908 3191 1003 3236 mora
1019 3175 1209 3248 tabercunt.

95 3271 129 3320 et
158 3258 378 3327 decrescunt,
410 3270 445 3320 et
475 3275 564 3340 pene
592 3255 635 3320 ad
655 3253 802 3320 nihilum
822 3251 1044 3340 rediguntur:
1075 3271 1212 3322 namet

95 3337 245 3404 caelestia
267 3359 407 3438 corpora
429 3336 686 3409 serventiffima,
714 3353 748 3401 et
768 3335 868 3424 ignea
889 3338 1029 3404 humida
1051 3360 1213 3427 aquarum

94 3439 216 3486 natura
236 3419 360 3486 nutrtri
382 3419 548 3507 sapientes
568 3420 689 3488 mundi
702 3420 892 3498 affirmant,
918 3425 1010 3509 quod
1022 3445 1088 3488 nec
1103 3423 1212 3489 sacrae

95 3505 280 3590 scripturae
311 3505 512 3604 exposrtoree
540 3519 678 3592 negant.
726 3504 924 3591 Spiritualea
954 3528 1036 3572 vero
1055 3507 1213 3573 omnium

97 3587 280 3654 visibilium
301 3605 449 3654 retronea
470 3573 680 3674 superiorum
707 3611 867 3676 aquarum
890 3589 1030 3656 nomine
1052 3611 1092 3677 ap
1120 3589 1214 3658 ellari

94 3670 184 3738 ratio
206 3675 337 3738 edocet.
379 3675 429 3738 Ex
449 3669 526 3759 iplia
549 3673 641 3740 enim
667 3671 782 3742 omnia
804 3674 989 3749 elementa,
1012 3674 1078 3740 five
1092 3615 1148 3742 lim
1174 3674 1201 3740 li

96 3755 170 3830 cira
193 3755 260 3822 live
280 3777 355 3824 com
383 3757 610 3834 olita,·veluti
632 3779 673 3822 ex
693 3756 894 3844 quibusdam
912 3757 1044 3846 magnis
1061 3700 1215 3826 fontilut

97 3839 272 3914 defluunt,
307 3839 343 3906 in
370 3864 387 3906 e
412 3862 455 3906 ue
488 3837 696 3928 intelligibili
719 3843 861 3927 quadam
882 3841 1010 3908 virtute
1030 3840 1137 3930 rigata
1161 3845 1217 3910 ad·

95 3922 338 3990 ministrantur.
382 3863 454 3990 lieo
474 3925 542 3992 boc
562 3925 635 3992 filet
655 3924 818 4013 scriptura
840 3927 1006 4002 clamant,
1041 3940 1076 3991 et
1096 3949 1213 4009 aquae,

94 4029 182 4090 quoe
197 4002 313 4100 sopra
339 4010 464 4076 coelam
511 4023 591 4086 unt.
624 4010 766 4076 tructam
782 4033 899 4082 nomeu
921 4013 1009 4078 Det
1051 4009 1217 4099 Quamvic

98 4091 192 4158 enim
222 4094 290 4158 hoc
324 4095 367 4158 de
387 4095 477 4162 caele
506 4095 580 4163 ’bue
599 4093 785 4164 virtutibua
805 4094 881 4187 quie
902 4093 1089 4184 intelligat,
1145 4115 1216 4164 rac·

100 4173 195 4248 «licto
223 4175 334 4246 sensui
353 4198 428 4254 uon
447 4189 636 4274 repugnat,
668 4181 752 4250 tlum
771 4179 812 4248 stt
830 4177 1027 4253 divinorum
1048 4203 1106 4264 my
1132 4175 1216 4246 crio-
