3038 4828
503 205 788 278 sesers'erlr'm
892 289 898 304 .
1125 203 1201 276 271
1312 246 1315 254 ,
1428 203 1431 210 ’

91 393 189 462 diest
214 403 326 461 auum
353 391 473 473 Dent,
496 389 592 480 fimat
617 391 794 460 amaena
822 391 856 454 in
875 385 1088 476 firmamento
1106 391 1201 465 coesi,

91 493 127 544 et
157 475 317 552 dividant
345 475 432 540 diem
464 494 505 538 oc
538 489 685 552 noctem,
723 487 758 538 et
768 469 845 565 fint
864 475 898 538 itt
908 467 1030 560 fignu,
1066 477 1099 538 in
1120 487 1201 538 tem·

61 590 65 598 ·
89 583 195 646 poro,
226 564 262 624 in
290 561 380 634 dies,
410 573 445 622 et
472 573 601 636 noctes,
631 573 665 624 et
691 581 812 624 annos:
836 570 871 621 at
890 559 1021 622 luceant
1041 563 1074 622 in
1085 557 1202 651 firma·

90 659 199 712 mento
221 643 318 716 coeli,
343 655 377 707 et
399 645 582 708 illuminent
602 657 743 720 terram
764 657 798 706 et
808 633 947 730 fuctum
970 641 1018 732 est
1039 647 1101 709 itu.
1135 648 1200 707 Διι-

92 729 168 796 disti
201 725 434 792 conditionem
469 729 657 816 generalem
680 725 833 790 omnium
856 724 1073 794 luminarium
1096 729 1203 792 coele·
1276 761 1279 773 ι

90 813 146 878 stia
164 809 391 878 ,firmamenti
427 809 464 874 in
498 809 771 898 primordialibus
798 810 918 888 causre,
959 825 1037 876 ante
1066 833 1203 878 omnem

92 896 205 968 diem,
220 909 262 972 ⁴et
284 910 434 980 tempus,
458 910 492 958 et
512 897 646 980 locum3
669 892 748 958 audi
762 895 945 960 eorundem
959 893 1202 980 processionem

92 980 128 1045 in
153 978 293 1044 effectur
315 977 409 1052 suos,
432 976 468 1041 in
491 977 618 1064 species
639 975 791 1064 propriae
812 975 1089 1063 multiplicatam,
1111 979 1203 1042 loco·

90 1087 168 1128 rum
197 1060 382 1128 intervallis
415 1060 611 1137 discretam,
643 1077 835 1145 temporum
865 1061 1040 1128 curriculis
1070 1060 1203 1127 volubi-

89 1149 183 1222 lem,
205 1161 304 1212 motu
324 1143 447 1220 habili,
470 1145 620 1232 statuque
639 1143 759 1208 mobili
780 1161 1000 1230 compactam.
1050 1149 1205 1228 Fecitque

94 1233 197 1298 Deus
216 1231 281 1294 duo
302 1251 422 1311 magne
441 1229 635 1304 luminaria,-
661 1229 819 1292 lamiarum
837 1231 960 1318 majus,
980 1242 1019 1294 nt
1039 1228 1205 1325 proeaffet

92 1317 182 1387 diei,
210 1316 369 1378 luminare
395 1316 516 1389 minus,
547 1327 586 1380 nt
613 1307 778 1412 praeeffet
793 1317 899 1390 nocti,
928 1327 963 1378 et
973 1309 1112 1402 stelles,
1135 1331 1202 1380 etc.

141 1419 182 1464 ae
226 1400 268 1462 de
297 1393 456 1482 operibus
486 1411 621 1484 quartae
647 1398 733 1462 lucre
762 1394 924 1482 scriptura
952 1413 1203 1464 commemorat.

92 1422 149 1546 Fe
179 1479 390 1558 firmamento
419 1483 499 1544 dum
532 1483 573 1544 de
601 1479 746 1545 secunda
768 1479 823 1543 die
844 1482 1085 1556 tractabamus,
1118 1501 1205 1570 qnae

91 1561 195 1632 nobie
216 1561 405 1627 verifimilia
425 1561 493 1626 visa
517 1562 612 1638 sunt,
644 1562 872 1649 exposuimua.
921 1566 1000 1630 Non
1024 1563 1133 1640 enim,
1164 1580 1205 1628 ut

90 1649 236 1748 opinor,
260 1645 351 1709 aliud
371 1644 619 1725 firmamentum
641 1647 789 1710 secundo
812 1646 867 1710 die
891 1647 935 1712 esi
949 1647 1076 1712 sactum
1088 1646 1126 1713 in
1136 1669 1205 1714 me·
1292 1637 1295 1644 ¹
1328 1682 1331 1693 ·

91 1735 152 1800 dio
184 1745 363 1826 aquarum,
395 1743 428 1792 et
450 1723 543 1794 aliud
562 1728 599 1794 in
622 1751 690 1816 quo
711 1742 830 1816 quarto
853 1728 908 1794 die
929 1731 1018 1796 facta
1040 1731 1083 1796 est
1104 1731 1204 1798 ferie·

90 1813 283 1883 caelestium
311 1810 550 1876 luminarium:
581 1812 744 1909 siquidem
774 1811 911 1878 staliud
934 1815 1030 1888 esset,
1062 1814 1205 1880 sortaffie
1312 1826 1314 1834 '

91 1899 256 1983 scriptura
277 1916 348 1960 uon
369 1895 493 1968 sileret,
516 1895 574 1960 sed
595 1895 738 1968 moeret,
764 1895 848 1958 fiant
868 1895 1065 1972 luminaria,
1096 1913 1131 1962 et
1151 1899 1206 1962 fir·

83 1993 304 2050 'momentum
334 1975 436 2052 coesi,
466 1978 550 2042 ficut
579 1975 666 2074 dixi,
691 1977 764 2068 fiat
767 1977 1021 2074 fimommtnm
1042 1983 1076 2043 in
1097 1983 1206 2047 medio

91 2085 269 2238 aaran
287 2074 534 2207 estere
551 2061 1205 2244 attrectenttantae

92 2255 205 2300 unum
235 2229 449 2314 idipsumque
476 2227 539 2292 esse
561 2225 826 2303 firmamentum,
856 2230 948 2312 quod
976 2227 1122 2294 secunda
1147 2233 1204 2302 dre

92 2319 130 2382 in
155 2312 270 2380 medio
292 2312 418 2376 lactum
444 2309 487 2372 est
508 2323 685 2395 aquarum,
709 2309 791 2376 etin
807 2311 1108 2408 quopostmodum,
1131 2334 1204 2380 non

93 2398 204 2489 spatio
225 2393 404 2481 temporie,
425 2393 483 2458 sed
505 2393 657 2460 distantia
671 2395 889 2478 propheticae
904 2393 1058 2474 visionis,
1080 2397 1205 2462 siderea

94 2480 277 2550 luminaria
298 2475 435 2544 condita
459 2477 547 2542 suut.
579 2477 666 2542 Cum
687 2475 792 2563 igitur
815 2477 879 2542 tria
899 2497 1040 2565 corpora
1060 2480 1206 2550 maxima

95 2563 219 2634 mundi
240 2565 321 2638 suut,
356 2576 396 2626 ut
414 2559 612 2658 Philosophi
634 2559 832 2647 perhibent,
862 2583 1007 2648 quorum
1026 2585 1134 2628 unum
1153 2563 1206 2630 in·

97 2651 235 2722 fimum,
264 2643 483 2731 mediumque
503 2659 609 2710 totrue
629 2643 751 2708 mundi
771 2643 870 2710 instar
891 2645 1017 2721 centri;
1039 2645 1076 2711 in
1099 2646 1205 2714 circu·

94 2736 151 2810 lo,
174 2731 232 2796 seu
254 2731 390 2815 sphaera
411 2725 552 2802 aridam,
581 2729 636 2792 vel
657 2743 777 2792 terram
800 2727 915 2794 divine
935 2729 1072 2794 vocavit
1091 2747 1206 2796 aucto·

95 2809 1205 2966 lttalhff‘l‘ltth³32²·“t'1hssh‘ts'thstlettlttthi
1350 2901 1361 2932 ι

98 2985 169 3050 five
197 2918 507 3069 quie’finipliciorl
520 2919 616 3044 senio
644 2977 806 3044 vifibilem
826 2959 916 3042 hanc
934 2920 1118 3044 molempin
1139 2941 1207 3046 me:
1246 2943 1254 2958 .

97 3067 158 3134 dio
179 3063 300 3132 muudi
321 3062 477 3150 posnam,
507 3060 626 3128 oceani
646 3060 751 3126 limbo
773 3059 1068 3138 circumcinctam,
1100 3077 1207 3128 terrae

98 3143 1207 3310 lethes?lllhstttl‘llhsltllhhllh‘lh

99 3320 279 3382 herbarum
307 3333 405 3392 vero,
442 3329 477 3376 et
503 3313 673 3400 lignorum
694 3311 1004 3388 nominationibue,
1036 3314 1103 3378 five
1122 3317 1208 3378 haec

101 3414 300 3466 ornamenta
326 3395 509 3472 senfibilia,
565 3396 673 3476 uibus,
696 3396 825 3462 aestivis
847 3397 1055 3496 temporibus
1077 3413 1212 3462 terrena

98 3483 238 3550 vestitur
258 3479 468 3568 superficiee,
490 3477 527 3544 vi
542 3419 714 3578 lominum
736 3497 966 3579 erumpentia,
988 3481 1101 3546 telluri
1122 3479 1209 3579 radi·

99 3567 189 3634 citue
210 3567 293 3640 fixa,
314 3567 457 3630 humore
477 3578 626 3640 nutrita,
651 3579 685 3628 et
706 3563 935 3656 corpubntiar
956 3566 1024 3631 five
1047 3563 1207 3652 intelligi·

97 3651 184 3718 bilee
206 3647 333 3736 species
355 3670 396 3713 ex
415 3645 546 3712 intimis
558 3645 765 3714 naturalibus
778 3648 976 3717 substantiae
991 3648 1116 3716 finibue
1132 3669 1222 3736 pro-1

98 3737 279 3808 cedentee,
301 3729 400 3798 instar
418 3733 615 3806 herbarum,
637 3731 877 3820 lignorumque
901 3737 944 3800 de
963 3748 1050 3800 tena
1069 3753 1209 3800 naacen·

98 3818 188 3884 tium
209 3815 436 3906 praeceperit,
467 3814 564 3882 aliter
583 3838 728 3916 namque
748 3815 786 3882 in
809 3817 904 3884 omni
925 3815 1069 3884 sensibili
1086 3837 1209 3904 corpo·

97 3925 136 3968 re
156 3899 370 4050 (qluantitatie
390 3901 515 3966 molem
536 3898 753 3987 qualitatibus
773 3901 840 3968 luia
859 3903 1058 3982 subjectam,
1089 3921 1209 3990 corpo·

97 3985 166 4054 rei·
201 3985 332 4052 eufibue
352 3984 614 4062 cousidertmnat
639 3983 735 4050 aliter
754 3984 957 4054 invisibilem
981 3983 1208 4059 substantiam,

97 4067 296 4158 specieique
350 4067 478 4155 ropriet
506 4064 544 4134 in
564 4065 637 4156 ipsa
657 4069 899 4147 subfistentee,‘
917 4067 1042 4138 mentio
1063 4067 1136 4134 acie
1155 4067 1208 4132 in·

96 4151 301 4243 lelligimut,
323 4093 508 4224 heredum
532 4173 614 4242 quae
633 4173 746 4220 rerum
768 4151 922 4222 omnium
944 4152 1150 4226 vifibilium,
1173 4163 1221 4264 “a
