3036 4862
514 279 807 392 macunen.
1141 261 1263 350 aca'

110 459 273 538 efficerit,
294 481 336 528 ac
357 461 399 528 dc
420 461 551 534 duobur
571 459 801 532 intellectibus
822 462 862 530 fit
882 481 992 536 unua.
1014 461 1055 529 ab
1069 481 1110 530 eo
1124 431 1218 548 ciued

109 549 214 612 ambo.
230 545 355 612 fincera
376 559 411 612 et
431 543 669 614 incunctanter
688 536 910 632 intelligimus
930 545 1103 614 formatur.
1139 547 1217 610 Ver·

110 627 291 716 bigamia,
314 642 354 693 ut
375 649 414 696 ea
436 627 585 694 numeria
607 631 797 716 exemplum
816 628 1094 700 introducamini
1126 627 1217 696 tene
1252 655 1253 658 ¹

110 713 199 778 rium
230 733 408 778 numerum
431 711 498 775 suia
519 711 669 797 partibua
692 713 754 778 elle
774 713 946 799 aequalem
966 708 1075 776 intelli
1102 708 1146 785 'aa
1181 725 1217 780 et

110 817 172 882 ego
194 794 342 863 fimittrer
361 793 536 880 intelligo.
559 809 594 860 ct
615 795 805 882 intelligere
827 810 860 860 te
880 792 990 862 intelli
1015 813 1054 868 o,
1101 807 1160 858 cut
1181 807 1216 860 et

110 901 165 942 mc
185 877 346 962 intelligia
368 875 567 962 intelligere.
618 881 765 965 Uterque
785 877 894 944 noller
912 815 1104 944 intellectu·
1125 895 1216 942 unua
1371 927 1374 934 .

110 961 150 1026 fit
177 958 307 1026 senario
336 981 477 1026 numero
506 959 688 1034 formatur,
725 983 764 1026 ac
793 983 854 1059 per
882 963 948 1025 hoc
978 975 1012 1024 et
1039 981 1102 1046 ego
1123 957 1159 1022 in
1181 973 1217 1022 te
1345 967 1348 976 ’

109 1063 220 1119 creor,
246 1059 281 1108 et
301 1058 340 1105 tu
361 1042 398 1106 in
418 1065 473 1108 mc
494 1043 624 1108 crearit.
655 1045 732 1110 Non
755 1065 847 1110 enuu
862 1043 956 1109 aliud
971 1042 1101 1114 lumea.
1123 1041 1216 1108 aliud

107 1127 216 1192 notter
238 1125 451 1208 intellectua3
483 1147 562 1190 vera
588 1127 750 1212 liquidem
778 1147 817 1192 ac
839 1127 966 1194 summa
986 1125 1094 1192 nostra
1116 1125 1218 1191 effen-

107 1207 155 1272 tia
191 1208 235 1272 eli
271 1207 464 1272 intellectae
495 1209 782 1296 contemplatione
810 1208 961 1274 veritatia
992 1205 1214 1354 specificatur.

109 1293 213 1377 Quod
235 1306 348 1356 autern
364 1289 558 1358 intellectae
582 1315 653 1358 non
675 1294 783 1361 [olum
804 1289 1006 1358 coeffectiali
1030 1312 1070 1356 ua
1084 1289 1142 1364 lihi
1157 1309 1215 1354 na·

108 1373 213 1448 turia,
248 1395 365 1438 verum
394 1373 495 1440 etiarn
523 1373 740 1441 inferioribus
761 1373 964 1442 conformari
983 1372 1099 1460 pellit.
1133 1375 1215 1438 dum

107 1479 163 1524 ear
185 1455 513 1544 amundoiintelligit
534 1459 590 1522 [eu
613 1457 732 1533 sentit,
756 1460 862 1524 immo
880 1461 980 1524 docet
994 1454 1214 1544 Apostolicuu

109 1539 337 1606 intellectuale
369 1539 530 1606 nimirum
553 1541 691 1628 diligere
712 1541 857 1608 vifibilea
876 1541 1000 1608 format
1021 1536 1215 1640 perhibent.

108 1621 273 1688 dicendae
308 1624 424 1686 Nolite
452 1618 651 1706 conformari
675 1629 750 1690 lntie
772 1621 895 1716 secum.
938 1626 1011 1690 liae
1032 1637 1146 1708 itaque
1164 1639 1216 1686 ra-

106 1704 202 1772 tione
221 1704 412 1792 reciprocae
437 1704 545 1772 intelli
570 1707 698 1783 entiae,
721 1723 758 1773 et
779 1708 918 1795 angelus
938 1706 974 1772 in
995 1703 1156 1781 homine.
1178 1715 1215 1768 et

106 1792 211 1854 homo
231 1787 267 1852 iu
289 1791 408 1873 angelo
433 1811 503 1854 non
527 1731 584 1854 aia
607 1789 768 1856 recreari
790 1791 933 1866 dicitur,
970 1805 1005 1854 et
1025 1809 1136 1874 neque
1157 1807 1216 1850 au·

107 1872 221 1958 gelum
251 1875 450 1958 praecedere
478 1871 651 1938 hominem
679 1875 747 1938 ulla
777 1871 985 1939 conditionie
1012 1872 1106 1958 lege.
1140 1869 1214 1934 ullo

106 1951 322 2041 procellionir
350 1957 453 2018 modo
474 1971 565 2020 recte
585 1955 735 2022 creditur
755 1971 789 2020 ct
811 1954 1030 2042 intelligiturr
1061 1949 1215 2040 quamvis

106 2051 246 2102 naturae
280 2037 452 2122 angelicae
484 2037 688 2104 creationem
718 2037 916 2124 prophetice
945 2036 1092 2100 narratio
1119 2032 1214 2122 priua

107 2118 369 2264 pmnunpiettug
383 2117 646 2266 rppptlltlisvpluntst,i
656 2123 824 2216 humanae
837 2139 919 2268 νᾶπυ.
929 2117 1212 2264 wis-impii&

107 2223 243 2268 enrmu
280 2223 311 2266 ar
372 2223 391 2266 a
539 2223 608 2288 ugu
632 2221 712 2299 ‘uua
734 2225 770 2266 ιη
794 2223 841 2268 un
869 2220 978 2266 ecuuo
1011 2221 1085 2266 rro
1200 2233 1215 2248 ·

106 2286 213 2350 vitate
245 2283 310 2348 Dei
333 2281 575 2359 credibilem,
607 2283 756 2348 devinam
780 2283 841 2350 ieri
868 2300 975 2348 turam
995 2281 1033 2347 in
1054 2280 1215 2380 operibor
1335 2299 1339 2310 '

107 2371 161 2434 lex
195 2365 461 2452 primordialium
484 2381 518 2432 et
536 2365 805 2454 intelligibilium
852 2367 959 2433 ierum
978 2368 1213 2430 condruonem

108 2449 298 2516 coelestium
329 2451 493 2516 virtutum
525 2449 665 2516 omnino
696 2450 832 2526 filuiffe,
865 2449 921 2517 sed
952 2447 1007 2513 vel
1036 2447 1073 2514 in
1105 2445 1214 2533 prima
1337 2455 1345 2478 ⁸

107 2537 219 2600 fronte
240 2534 427 2607 Geueicoa,
449 2532 508 2596 ubi
530 2533 689 2620 scriptum
708 2533 763 2606 cst.
785 2536 821 2598 in
834 2527 1101 2621 principicfccit
1116 2533 1214 2596 Deus

108 2619 228 2684 coelem
250 2631 284 2682 rt
305 2631 440 2688 terrm.
462 2619 544 2682 eceli
562 2618 701 2680 nomine
719 2637 832 2682 earum
845 2612 1212 2701 iacturaruprotulille;

107 2716 167 2766 aut
190 2703 296 2785 'paulo
317 2700 388 2786 post
407 2699 467 2762 ubi
487 2699 553 2772 ait,
586 2713 620 2762 et
641 2701 733 2766 dicit
752 2702 851 2765 Deus
861 2699 933 2796 fiet
952 2700 1028 2771 lum,
1061 2711 1094 2762 et
1105 2690 1214 2786 sucta

107 2783 680 2932 dil‘nllrlii‘llnlllll
693 2783 982 2938 'lllllilllff
1003 2795 1214 2926 {iiiiii}

107 2949 144 3012 in
175 2949 332 3014 iecurrdo.
376 2949 413 3009 ln
447 2944 566 3030 primo·
587 2943 716 3031 quippe
736 2945 794 3009 iub
815 2947 899 3010 coeli
917 2943 1143 3032 appellatione
1165 2957 1213 3008 to·

108 3031 176 3096 tiue
206 3026 380 3094 invifibitie
408 3043 580 3092 creaturae
603 3026 839 3095 conditionem
867 3030 944 3114 plue
965 3023 1213 3112 efferitfignifr·

107 3131 218 3181 catum
247 3111 283 3176 in
312 3109 450 3176 iniorrni
477 3109 632 3183 materia,
663 3131 763 3196 quam
793 3110 964 3195 angelicae
983 3123 1123 3172 naturae
1144 3109 1160 3170 l
1182 3129 1213 3170 e·

108 3197 239 3266 cialiter
257 3193 506 3258 formationem.
548 3198 585 3257 ln
605 3213 648 3280 eo
672 3214 752 3256 vero
797 3196 865 3256 uod
886 3191 1045 3278 scriptum
1068 3131 1214 3279 albior

91 3283 169 3366 {lue
188 3294 222 3344 et
231 3271 409 3376 f⁶⁶²⁰,⁰st
427 3279 505 3346 tue.
532 3275 721 3341 coelestium
743 3298 761 3339 e
787 3275 954 3340 cntiarum
976 3272 1213 3340 formationem
1263 3277 1266 3284 ’

110 3363 309 3460 descriptam
339 3376 577 3426 rncunctanter
604 3359 730 3422 efferitt
767 3379 957 3444 quanquam
978 3355 1121 3422 alierum
1141 3357 1212 3420 len·
1323 3391 1330 3409 ·

109 3449 182 3511 ium
201 3442 443 3518 introduxerit,
489 3443 524 3505 ui
546 3443 582 3506 in
603 3445 669 3506 hoc
687 3441 804 3506 divino
818 3455 1015 3530 praecepto,
1038 3441 1213 3520 cujuadam

108 3527 299 3615 primitivae
320 3525 405 3591 lucia
426 3466 563 3590 viiuilie
585 3524 769 3611 localiaque
789 3525 826 3589 in
849 3522 1074 3612 superioribua
1091 3520 1213 3586 mundi

135 3611 259 3674 artibiu
287 3609 472 3694 opinantur
502 3605 793 3692 constitutionem
826 3607 883 3673 cui
912 3593 1154 3674 tamcnllenlui
1173 3603 1211 3668 in

109 3635 295 3758 iterumn
325 3695 382 3757 luo
404 3691 587 3756 acutiffime
606 3699 782 3777 repugnat
826 3692 929 3777 Quod
949 3704 1060 3754 autem
1083 3687 1212 3753 dietum

112 3776 174 3849 est,
205 3789 242 3839 at
273 3774 390 3867 diuistt
414 3779 514 3840 lucum
543 3799 567 3837 a
593 3775 753 3846 tenebrisi
784 3781 820 3836 ct
837 3777 976 3840 vocavit
996 3775 1095 3838 Deus
1111 3773 1214 3836 lucem

91 3863 215 3931 mm,
237 3859 387 3924 tnebrae
405 3861 484 3924 uere
503 3871 646 3930 mrtem.
659 3853 848 3943 dupliciter
863 3859 939 3920 vult
958 3853 1120 3941 intelligi:
1155 3869 1214 3918 aut

112 3942 206 4009 euim
237 3943 321 4010 lucis
340 3945 504 4008 vocabulo
525 3939 683 4006 formatio
704 3953 873 4004 creanrrae
896 3939 1067 4026 angelicae
1086 3937 1122 4007 iu
1144 3939 1215 4022 [pe-

112 4022 165 4093 'cie
189 4023 344 4117 propria,
373 4030 585 4092 tenebrarum
610 4045 693 4089 vero
721 4021 822 4110 ipfiua
847 4025 1050 4110 praecedens
1070 4019 1213 4168 opifer,

111 4132 184 4177 uon
204 4125 357 4196 tempore
376 4107 563 4174 informiter
584 4111 695 4174 adhuc
714 4106 930 4194 imperfecte,
963 4121 1022 4169 aut
1042 4102 1076 4168 di
1102 4101 1111 4119 ⁰
1137 4121 1215 4198 outa

110 4193 199 4262 lucia
225 4213 249 4260 a
277 4191 424 4259 tenebria
451 4189 634 4279 segregatio
662 4186 1092 4278 atquc-differentiailliue
1109 4197 1215 4273 partu
