2866 4822
331 353 335 386 ,
421 309 526 380 aare
548 303 709 394 manaa.
774 265 778 272 ⁴
1038 313 1120 386 raa

4 501 152 586 deoque
177 495 246 563 ait:
281 497 331 562 Et
350 498 447 561 mitte
467 509 558 560 tutam
568 483 749 592 spiritum,
772 509 806 558 et
825 495 1029 562 creabuntur:
1072 503 1119 563 Ac

0 619 1 638 ,
47 581 212 648 dicerett
243 579 396 668 spiritum
423 577 577 655 vitalem,
612 601 712 666 quem
733 578 854 655 fecilli,
886 580 1021 656 emitte,
1054 585 1120 648 hoc

8 661 200 730 sl·'bmitti
234 679 268 728 et
299 661 409 728 redire
444 661 481 726 in
511 683 652 750 corpora
684 684 770 749 quae
801 663 1030 752 temporaliter
1064 670 1119 730 de·
1160 717 1171 732 t

4 771 23 813 e
71 747 103 812 it
135 745 290 814 naturali
321 744 474 834 appetitu
502 745 679 832 permittet
722 751 772 812 Er
801 747 974 814 renovabis
987 743 1119 838 faeiem

4 855 42 895 er
60 841 124 910 be,
163 835 239 896 hoc
270 829 314 895 cst
345 828 499 895 adunatir
529 829 796 930 inseparabiliter
822 831 1020 917 corporibur
1050 833 1119 898 suia

11 915 162 980 italibue
186 913 364 1002 speciebur
384 911 577 978 r'eslaurabir
597 913 825 1000 integritatem
847 929 1002 990 naturae,
1033 938 1119 1002 quae

0 999 174 1064 oc'abulo
217 1013 324 1062 terrae
351 997 487 1080 myllice
517 994 730 1084 significatur.
788 999 891 1082 Quod
918 998 943 1062 st
971 999 1120 1086 cuipiam

1 1081 212 1152 nea-edibile
238 1079 375 1144 videtur
403 1095 437 1146 et
463 1095 580 1145 contra
608 1081 794 1144 naturalem
822 1079 1015 1156 rationem,
1040 1081 1118 1147 irra-

1 1153 185 1230 ion'abilia
225 1161 388 1262 sensuque
421 1161 569 1228 carentia
602 1161 639 1227 in
676 1163 858 1229 humanam
894 1163 1034 1230 trenrire
1062 1187 1119 1232 na·

9 1269 125 1313 mama
149 1243 305 1336 primum
326 1261 479 1312 intentur
501 1244 732 1334 conspicetur,
757 1249 848 1334 quod
863 1244 1040 1313 inseriorer
1055 1251 1118 1316 hu·

6 1351 118 1396 ·anae
150 1345 297 1394 naturae
344 1345 447 1406 artea,
484 1328 614 1393 sensum
638 1327 714 1396 dico
737 1351 936 1416 corporeum
959 1347 993 1394 et
1013 1333 1119 1402 nutri·

0 1435 100 1478 vam
131 1411 246 1478 vitam
277 1351 453 1502 ipiirmque
474 1432 617 1498 corpur,
653 1411 934 1477 irrationabilium
957 1413 1119 1502 sensuque

6 1495 195 1562 arentium
227 1517 293 1561 nec
322 1517 393 1560 non
427 1509 636 1560 terrenorum
661 1505 845 1581 corporum'
862 1495 1118 1562 conditionibur

11 1579 191 1645 millimae
215 1580 301 1642 sunt.
343 1582 386 1643 At
406 1579 429 1642 si
450 1577 498 1642 ita
520 1577 582 1663 elit
612 1579 694 1666 quid
717 1577 839 1643 mirum
861 1595 919 1644 aut
940 1579 1119 1646 incredibi

1 1687 21 1728 e
46 1663 114 1738 est,
142 1661 168 1726 sr
192 1661 310 1726 similia
333 1661 369 1726 in
393 1659 601 1747 suifimilia,
635 1661 671 1726 id
693 1663 737 1725 est
758 1661 793 1728 in
815 1661 1006 1748 superiora,
1037 1685 1117 1750 quo*-

6 1769 71 1811 um
103 1743 348 1812 similitudines
376 1745 470 1820 sunt,
501 1743 699 1808 transeunts
736 1747 814 1809 Non
845 1744 937 1810 enim
959 1747 1120 1816 naturalir

7 1829 82 1894 atio
115 1827 202 1893 sinit
236 1826 405 1914 superiora
445 1825 482 1890 in
503 1825 664 1892 inferiora
684 1827 825 1902 mutari,
856 1827 1016 1894 inferiora
1038 1853 1119 1898 vero

4 1911 178 2002 uperiora
201 1909 399 1974 naturaliter
419 1923 584 1996 appetunt
606 1911 721 1996 eirqne
742 1911 893 1976 adunari.
935 1911 1122 1999 Perspiciat

0 2017 137 2084 uoque
168 1991 335 2080 paffioner
365 1991 603 2056 irrationabilia
640 2007 828 2066 creaturae,
866 2015 949 2080 quaa
979 2013 1119 2082 propter

11 2081 110 2143 asum
139 2074 295 2142 hominia
325 2096 341 2137 a
376 2070 542 2159 dignitate
564 2073 699 2138 divinae
720 2073 877 2160 imaginis
898 2073 1037 2141 insertae
1058 2080 1117 2144 srbi

16 2183 109 2226 oena
143 2154 290 2246 quidam
320 2155 451 2244 peccati
480 2160 627 2220 humana
656 2173 776 2220 natura
809 2171 1001 2223 attraxerat:
1024 2163 1118 2246 squar

1 2247 112 2310 ‘nsitar
135 2240 338 2316 naturaliter
358 2255 436 2304 ante
456 2239 585 2328 lapsum
607 2255 678 2304 non
699 2241 860 2313 habebat,
884 2242 1015 2306 moveri
1027 2247 1119 2329 polle

8 2351 33 2392 n
54 2327 113 2392 hie
163 2323 200 2388 ui
222 2323 364 2412 perfecti
387 2323 486 2398 sunt,
510 2322 547 2386 in
567 2319 711 2387 virtuter
730 2324 910 2390 naturalea.
948 2325 1118 2394 Paffioner

14 2425 114 2475 utem
138 2348 219 2474 sico
239 2409 447 2496 voluptatem
471 2421 505 2470 et
525 2404 712 2481 tristitiam,
734 2406 1049 2494 concupiscentiam
1071 2428 1118 2476 at-

1 2515 64 2582 que
87 2492 272 2567 timorem,
297 2506 331 2554 et
352 2512 437 2578 quae
458 2511 499 2554 ert
518 2488 572 2554 hir
594 2503 797 2564 narcuntur,
824 2490 956 2575 quaein
972 2491 1117 2560 virtuter

7 2577 94 2642 osse
117 2573 244 2640 mutari
268 2573 408 2638 dubium
429 2595 500 2637 non
523 2573 576 2636 esi.
608 2571 706 2637 Verbi
728 2569 851 2660 gratia,
874 2593 985 2640 concu
1010 2575 1119 2642 iacen-
1185 2624 1187 2635 .

16 2659 50 2724 ia
84 2659 228 2746 quidem
258 2655 495 2720 intellectualia
523 2654 717 2722 divinorum
746 2656 916 2743 appetitur
938 2599 1122 2726 desderan-

13 2741 91 2806 ium
117 2754 276 2826 operatur
296 2753 446 2802 motum:
467 2739 624 2824 voluptar
639 2759 719 2804 vero
735 2738 919 2805 innocuam
934 2741 1120 2820 nutritivae

2 2822 115 2888 animi
138 2819 345 2908 operationir
366 2817 548 2883 laetitiam:
572 2819 673 2884 timor
695 2843 830 2920 quoque
850 2823 984 2888 suturae
1005 2823 1043 2888 in
1063 2829 1120 2892 de·
1206 2819 1224 2870 ,¹

12 2905 95 2970 ictir
118 2903 298 2991 providam
320 2899 461 2966 ultionir
483 2923 616 2966 curamt
638 2901 720 2968 item
739 2905 868 2970 trrslitia
883 2907 1119 2976 correctricem

2 2989 38 3052 iu
74 2985 246 3076 praesenti
277 2988 442 3050 malorum
469 2983 728 3072 poenitentiam.
772 2986 914 3074 Si.ergo
941 2989 1118 3075 passioneo,

7 3093 87 3156 ,aaa
110 3067 285 3135 rationalia
307 3083 426 3133 natura
447 3089 486 3132 ex
507 3066 730 3134 irrationabili
750 3068 787 3132 in
809 3069 947 3156 seipsam
973 3075 1119 3144 deduxee

4 3171 76 3228 rat,
99 3153 138 3218 in
161 3153 329 3216 naturaler
352 3151 483 3216 animae
505 3152 643 3238 possunt
659 3151 782 3215 mutari
803 3151 966 3236 virtuter3
987 3176 1048 3222 cur
1068 3157 1120 3223 iu·

4 3236 171 3302 credibile
193 3237 231 3300 stt
251 3233 355 3322 ipsam
376 3233 702 3300 irrationabilitatem
723 3233 760 3298 in
783 3235 998 3302 altitudinem
1017 3240 1119 3306 ratio·

4 3319 194 3384 nobilitatis
216 3317 455 3383 tranamutaris
479 3321 563 3382 Nam
582 3333 616 3382 et
628 3317 781 3404 superbia
796 3341 881 3408 quae
890 3321 997 3384 veluti
1015 3339 1120 3410 capnt

4 3404 110 3469 totiur
132 3400 282 3468 malitiae
302 3400 515 3489 perhibetur,
554 3401 590 3465 in
614 3423 760 3466 amorem
782 3402 929 3468 coelestia
953 3409 1117 3472 excellen-

5 3483 73 3550 tiae
96 3504 130 3552 et
152 3487 189 3550 in
212 3485 405 3571 despectum
430 3499 578 3550 terrenae
599 3483 806 3550 infirmitatir
829 3485 865 3550 in
886 3486 987 3552 bonia
1008 3490 1118 3556 homi·

6 3565 110 3633 nibur
137 3567 300 3644 vertitur,
338 3565 473 3632 dicente
499 3567 672 3654 Apostolos
689 3570 801 3715 lim
815 3563 1048 3668 sursumsunt
1057 3567 1118 3665 sa·

6 3653 102 3730 pite,
130 3665 165 3715 et
192 3675 257 3718 non
284 3673 367 3734 quoe
385 3645 493 3738 super
512 3665 643 3715 terrum.
720 3653 909 3740 renitetque
932 3655 1116 3722 drcentlum
1168 3721 1172 3730 ,

7 3733 143 3818 nullutn
169 3733 294 3802 vitium
326 3735 389 3798 esse
422 3737 513 3820 quod
544 3733 581 3800 iu
613 3733 835 3820 sapientibus,
869 3735 984 3801 divina
1014 3741 1119 3826 gratia

9 3829 188 3900 operante,
225 3817 349 3883 mutari
370 3816 406 3880 iri
427 3817 589 3884 virtutem
610 3838 681 3882 non
703 3817 811 3906 possit.
853 3822 901 3882 dc
923 3819 965 3884 fic
988 3824 1030 3890 de
1051 3847 1119 3887 ma·

7 3895 84 3964 litia
112 3897 195 3964 solet
225 3899 297 3966 fieri
329 3898 481 3975 bonitas,
511 3903 553 3966 de
582 3899 736 3966 bonitate
764 3917 875 3966 autem
906 3925 1120 3993 nequaquam
1148 3955 1156 3972 .

10 3979 150 4045 malitia.
191 3981 302 4048 Virtur
335 3983 495 4074 squidem
522 3983 686 4052 bonitatir
710 3984 914 4050 contrarium
936 3986 986 4051 sui
1007 4005 1119 4054 mutat

11 4061 49 4128 in
72 4063 230 4152 seipsam,
251 4065 398 4132 malitiae
418 4063 498 4132 vero
515 4071 660 4134 dedecor
678 4068 840 4133 bonitatia
852 4069 1119 4156 pulcritudinem

13 4149 203 4214 decolorare
222 4147 422 4236 impossibile
444 4151 498 4216 esi.
534 4153 570 4217 si
591 4151 706 4240 itaque
726 4149 811 4216 vitia
831 4149 868 4216 in
882 4152 1025 4218 virtuter
1037 4177 1117 4218 cum

14 4228 73 4296 libi
99 4230 248 4300 invicem
275 4235 441 4300 contraria
470 4235 552 4314 lint,
581 4233 713 4303 moveri
741 4255 813 4303 nou
842 4257 1023 4322 negamur:
1058 4255 1119 4302 cur

620 4355 670 4471 Χ31
692 4351 711 4394 *
