3048 4856
245 239 381 312 eae
517 265 520 274 =
623 238 677 336 oe
697 240 879 312 nauatae
899 236 1072 310 Nouae

324 421 507 509 rincipium
526 425 588 500 fit,
623 438 657 488 et
676 425 846 500 medium,
879 441 914 490 et
934 423 1030 500 linia,
1053 442 1125 488 non
1147 421 1240 521 quod
1261 418 1358 486 alind
1380 419 1421 482 ei

296 451 340 574 ’ξι
361 507 423 571 effe
444 505 674 594 Principium,
696 507 789 574 aliud
804 508 966 584 medium,
989 507 1083 574 aliud
1101 504 1303 582 finre;,haec
1319 501 1419 568 enim

298 590 365 656 tria
395 589 432 654 in
464 590 537 679 iplo
558 613 668 655 unum
689 593 785 666 [nott
819 593 876 656 led
895 593 987 679 quod
1009 587 1237 676 Theologicae
1258 603 1421 653 contem·

298 671 461 761 plationia
483 673 606 760 triplex
629 689 742 740 motus
763 677 819 760 lit3
853 674 949 740 aliter
971 674 1062 740 enim
1082 688 1239 738 movetur
1259 669 1420 735 Intellec-

301 775 355 844 tup
379 757 647 832 livc'humauua',
669 758 735 822 five
756 758 950 844 angelicus,
972 757 1182 824 confiderent
1202 753 1313 854 princi
1340 753 1419 817 ium
1501 767 1502 812 ῑ

302 839 457 906 omnium
479 845 591 906 Deum
612 841 694 923 elle3
724 841 820 905 aliter
842 863 1050 929 cognoscens
1072 837 1186 906 omnia
1206 862 1242 903 rn
1265 837 1357 923 ipo,
1381 851 1420 900 et

301 945 363 1011 per
390 922 500 1008 ipsum
523 925 604 998 elle,
633 925 741 988 veluti
760 925 798 988 in
814 929 964 1023 ¹quadam
983 923 1183 1008 medietate;
1216 921 1313 986 aliter
1334 941 1419 987 con·

300 1008 482 1092 templatur
511 1007 614 1072 finem
647 1007 800 1072 omnium
821 1031 859 1072 m
881 1013 955 1074 Deo
978 1010 1061 1084 effe,
1088 1023 1130 1071 ‚et
1149 1009 1278 1080 Deum,
1311 1025 1419 1090 quem

198 1149 206 1166 ,
301 1089 416 1154 omnia
442 1107 628 1176 appetunt,
663 1107 698 1154 et
724 1091 851 1178 inquo
874 1091 1077 1178 quiescunt,
1112 1105 1147 1154 et
1168 1087 1301 1152 vivunt.
1347 1085 1420 1152 Cui

299 1172 411 1238 sensui
448 1175 539 1238 favet
565 1175 597 1238 S.
621 1174 821 1260 Augustinus
841 1175 878 1238 in
900 1175 987 1240 libro
1010 1177 1051 1239 de
1074 1171 1222 1238 Civitate
1240 1169 1327 1244 Dei,
1350 1185 1419 1233 ter·

301 1255 351 1320 tio
384 1255 542 1342 Capitulo
568 1259 609 1321 dc
631 1259 767 1322 Socrate
787 1259 992 1356 Philosopho
1015 1257 1208 1343 disputans,
1240 1255 1418 1329 ‚,nolebat‚

205 1361 210 1366 ·
300 1337 434 1425 inquit,
466 1340 661 1405 immundos
694 1339 834 1405 terrenis
857 1339 1100 1428 cupiditatibus
1122 1337 1253 1403 animoa
1273 1337 1341 1401 lese
1361 1357 1419 1399 ex·

300 1425 441 1486 tendere
468 1422 506 1487 in
538 1422 655 1488 divina
681 1422 815 1500 conari,
853 1422 1128 1510 quandoquidem
1162 1425 1201 1485 ab
1236 1419 1278 1483 iia
1300 1419 1419 1486 causat

302 1527 415 1570 rerum
444 1505 582 1571 videbat
609 1506 759 1592 inquiri,
791 1529 872 1592 quaa
900 1507 1024 1594 primae
1053 1521 1086 1570 at
1109 1527 1154 1568 ue
1174 1505 1319 1568 summae
1342 1521 1420 1567 non

219 1601 223 1608 '
301 1587 364 1652 nisa
385 1587 422 1652 in
444 1589 566 1667 uniue,
590 1605 623 1653 et
644 1589 764 1654 lummi
788 1589 854 1654 Dei
875 1592 1052 1655 voluntate
1075 1529 1138 1653 eie
1159 1589 1335 1669 credebat3
1353 1601 1421 1649 un·

303 1673 346 1736 de
373 1693 444 1735 non
472 1694 526 1736 eae
561 1675 719 1758 putabat,
755 1672 817 1738 nili
837 1677 1000 1736 mundata
1019 1687 1135 1737 mente
1155 1671 1245 1757 polle
1265 1689 1420 1754 compre·

286 1753 429 1836 ,hendit
458 1761 501 1816 ‘et
529 1753 607 1818 ideo
641 1759 836 1840 purgandae
856 1755 955 1820 bonis
977 1755 1127 1820 moribus
1148 1753 1238 1816 vitae
1260 1753 1421 1820 censebat

301 1834 512 1911 instandum,
548 1852 588 1898 ut
616 1837 882 1922 deprimentibus
903 1835 1103 1899 libidinibus
1126 1850 1325 1898 exoneratur
1347 1833 1420 1897 ani·

217 1963 223 1978 ,
288 1939 379 1984 ¹anua
399 1917 545 1980 naturali
564 1918 682 2017 vigore
703 1917 739 1982 in
763 1935 897 1982 aeterna
918 1919 951 1980 se
974 1919 1159 1992 attolleret,
1193 1932 1419 2003 naturamque

300 2000 512 2086 incorporei,
546 2016 580 2064 et
606 2000 894 2066 rncommutabilie
923 1999 1092 2075 luminia,
1117 1999 1179 2064 ubi
1207 2000 1323 2064 caulae
1345 2021 1418 2064 om·

228 2097 229 2101 ’
302 2082 401 2148 nium
422 2083 585 2148 factarum
606 2083 802 2149 naturarum
822 2083 979 2148 stabiliter
1000 2082 1139 2158 vivunt,
1168 2081 1418 2182 intelligentiae

302 2165 451 2254 puritate
480 2166 720 2253 conspiceret.’‘
762 2171 805 2232 D.
836 2169 942 2230 Plane
970 2181 1192 2242 convenerat,
1228 2187 1307 2253 qma
1327 2165 1417 2232 ratio

304 2253 480 2335 approbat.
510 2253 572 2313 Μ.
602 2255 695 2318 Dum
723 2273 801 2338 crgo
825 2252 867 2314 de
889 2249 1005 2314 divina
1026 2265 1146 2314 natura
1166 2271 1251 2335 pure
1272 2249 1419 2348 percipi·

233 2401 241 2414 ,
302 2335 399 2408 mue,
430 2335 523 2420 quod
554 2332 709 2398 omnium
733 2331 942 2420 principium
962 2333 1021 2408 fit,
1053 2348 1087 2397 et
1110 2335 1225 2418 eausa3
1258 2334 1301 2398 est
1322 2355 1416 2398 enim

230 2435 241 2452 ⁸
304 2409 480 2560 ἄναῖχος,
515 2431 550 2478 et
580 2415 748 2490 ἀναίτιον,
781 2419 848 2480 hoc
877 2416 937 2493 est,
967 2416 1036 2480 srne
1062 2415 1252 2514 principie,
1284 2417 1416 2508 etlisne

305 2519 421 2564 caua:
449 2499 612 2585 liquidem
642 2497 729 2563 nihil
780 2499 928 2564 raecedit
982 2501 1052 2565 uod
1082 2499 1113 2563 ei
1141 2498 1323 2587 principii,
1358 2501 1415 2564 vel

304 2583 432 2647 Causae
452 2581 709 2669 proportionem
730 2522 899 2656 oirineat,
920 2521 1002 2668 ipio
1023 2603 1104 2648 vero
1127 2582 1301 2660 omnium,
1332 2604 1419 2670 quo«

304 2685 380 2730 rum
412 2651 534 2740 Causa,
571 2681 606 2730 et
624 2663 833 2752 principium
857 2665 917 2741 est,
951 2681 1105 2730 naturam
1126 2673 1230 2744 creat,
1259 2688 1331 2754 non
1352 2665 1415 2730 im·

303 2747 425 2815 merito
446 2770 520 2814 eam
543 2748 686 2814 dicimur
708 2749 902 2814 creatricem
923 2764 1087 2824 naturam,
1112 2764 1146 2813 et
1159 2771 1230 2815 non
1245 2765 1413 2834 creatam3

255 2891 258 2898 ,
305 2835 408 2898 Creat
436 2854 512 2896 nam
539 2855 598 2908 ue,
630 2848 708 2896 eta
740 2833 836 2897 nullo
866 2832 969 2898 creari
991 2832 1135 2918 patitur;
1168 2835 1309 2898 eandem
1331 2853 1413 2897 vero

305 2915 457 2982 divinam
477 2855 605 2981 scilicet
624 2929 796 2990 naturam,
818 2915 921 2980 finem
941 2915 1093 2984 omnium
1109 2917 1189 2992 elle,
1211 2918 1413 3014 ultraquam

257 3026 260 3032 ¹
303 2999 410 3074 nihil,
434 3015 468 3064 et
488 3001 525 3064 iu
548 3022 616 3087 quo
639 2998 753 3064 omnia
777 2999 988 3062 aeternaliter
1008 2999 1200 3076 subsistunt,
1225 3015 1258 3063 et
1278 3022 1442 3064 univer··
1501 3077 1502 3080 Ἴ

305 3081 416 3147 [aliter
444 3086 538 3148 Deua
567 3085 663 3159 lunt,
695 3099 956 3170 cognoscenter,
989 3105 1101 3169 neque
1129 3098 1274 3148 creatam
1300 3104 1412 3170 neque
1501 3083 1502 3090 '

302 3165 499 3232 creatricem
527 3167 591 3240 rite¹
617 3175 798 3242 vocamus,
835 3188 907 3232 non
935 3181 1078 3230 creatam
1101 3163 1257 3252 quidem,
1291 3166 1412 3252 quina

303 3251 399 3314 nullo
423 3265 571 3324 creatur,
593 3272 705 3337 neque
727 3249 937 3326 creatricem,
961 3249 1038 3335 quia
1060 3253 1127 3329 jam
1148 3249 1268 3314 delinit
1289 3270 1409 3327 creare,

306 3332 464 3398 omnibus
494 3333 530 3395 in
561 3333 632 3398 suae
662 3342 812 3397 aeternae
832 3331 997 3408 rationes,
1028 3331 1065 3396 in
1088 3333 1209 3420 quibus
1232 3333 1412 3398 aeterniter

305 3419 511 3490 manebunt,
545 3431 579 3478 et
607 3432 765 3494 manent,
802 3417 985 3491 conversio,
1019 3415 1244 3503 appellatione
1276 3437 1410 3502 quoque

304 3513 474 3564 creaturae
507 3498 686 3585 significari
722 3500 959 3564 desistentibus.
1002 3501 1099 3576 Deus
1130 3487 1357 3564 enim⁸omnio
1378 3504 1413 3564 in

197 3645 201 3656 ,
304 3582 451 3648 omnibus
479 3587 560 3654 erit,
594 3599 628 3648 et
650 3582 760 3647 omnia
782 3600 933 3648 creatura
953 3585 1208 3650 obumbrabitur
1228 3582 1265 3646 in
1287 3586 1434 3668 Deum„

272 3729 276 3738 ,
303 3664 481 3738 videlicet,
515 3667 673 3735 conversa
694 3667 778 3732 ficut
800 3667 879 3732 astra
901 3667 969 3730 sole
988 3667 1136 3732 oriente:
1167 3665 1308 3730 videone
1331 3687 1410 3754 crgo

304 3770 370 3834 qua
391 3747 522 3812 ratione
543 3772 646 3816 unam
668 3753 876 3837 eandemque
896 3765 1070 3826 naturam,
1099 3749 1227 3816 scilicet
1249 3747 1410 3815 Divinam

300 3838 395 3918 juxta
416 3833 715 3899 considerationem
736 3833 846 3920 princi
874 3831 898 3898 ii
918 3854 990 3898 non
1013 3849 1174 3911 creatam,
1201 3833 1259 3898 fed
1279 3831 1411 3900 creatri-

304 3936 396 3988 cem,
427 3919 519 3994 juxta
548 3939 626 3980 vero
650 3917 727 3982 linia
748 3858 1029 4003 speculationem,
1064 3941 1129 3984 nec
1150 3932 1311 3992 creatam,
1346 3937 1410 3982 nec

303 3997 499 4064 creatricem
528 4003 698 4085 pollumus
720 3999 911 4088 appellare?
947 4004 988 4066 D.
1013 4003 1099 4067 Satio
1120 4001 1221 4066 video
1243 4003 1327 4087 quid
1347 4001 1408 4066 via.

306 4082 373 4148 Dic
396 4085 488 4169 quod
510 4084 615 4150 restat.
661 4085 708 4149 M.
741 4082 921 4148 Rationem
942 4084 1131 4150 medietatis
1152 4085 1273 4150 restare
1291 4085 1409 4150 solum·

304 4169 407 4232 modo
429 4164 586 4256 arbitror,
618 4188 703 4254 quae
725 4164 854 4253 duplici
874 4168 977 4234 modo
1001 4167 1324 4254 contemplatoribua
1345 4166 1409 4232 suia
