3038 4832
287 235 363 314 tto
622 220 1075 318 domitoremne·
1106 202 1112 218 ⁹

290 417 440 514 petitura
457 413 517 496 titt
549 429 695 518 gntaone
714 413 807 506 quod
827 413 866 481 ln
887 410 1027 484 caeteris
1049 405 1287 509 iniapartibttr
1311 404 1409 472 lule*

291 501 436 570 rioribua
456 498 702 588 vilionbuoque
720 494 957 587 permanebit?
980 499 1020 560 ln
1038 514 1134 560 ornnr
1152 509 1243 558 enim
1257 510 1409 590 corporo

293 597 470 672 compecto
499 586 583 648 dum
610 604 650 650 ea
677 603 762 670 quae
788 579 969 649 continent
988 591 1149 665 pereunt,
1184 595 1270 663 quae
1290 589 1410 639 contr·

222 674 225 678 ’
264 683 419 736 ’πεπτω
437 665 585 734 retinere
603 665 871 754 permanentiam
890 683 962 730 non
983 661 1128 749 poliunt.
1171 659 1238 724 Sed
1259 654 1339 744 quia
1357 658 1409 720 ad

292 750 442 818 nibilum
467 749 605 836 penituo
625 748 736 816 redire
755 769 827 814 non
847 744 980 846 potuit,
1013 741 1177 832 quoniam
1198 764 1218 807 a
1238 744 1313 806 Dec
1333 741 1409 804 fao·

293 850 369 900 torn
392 832 454 907 est,
490 833 619 919 semper
638 846 770 898 manete
799 833 883 918 qurd
903 828 939 893 in
959 849 1001 893 eo
1021 825 1147 914 peribit
1167 841 1201 890 et
1221 822 1305 922 quid
1326 843 1406 888 nou

214 987 216 992 ,
291 915 435 1006 peribit,
458 913 615 1002 diligenti
635 913 797 1002 indagine
818 914 1065 1000 quaerendum,
1079 923 1124 974 -et
1142 907 1180 972 in
1203 909 1295 972 ahud
1317 923 1406 972 tem-

209 997 239 1062 '.
293 1021 359 1087 pue
384 998 638 1075 reservandum,
668 1018 763 1066 nunc
791 1011 904 1061 autem
955 996 1026 1060 uod
1045 991 1143 1056 indat
1163 993 1310 1138 leguere.
1353 991 1411 1054 D.·

295 1083 404 1150 Caute
434 1101 473 1148 ac
500 1080 680 1169 vigilanter
707 1080 882 1180 disputan
952 1123 961 1142 .
991 1077 1178 1142 coaeterna
1212 1089 1279 1173 arnt
1295 1073 1409 1172 igiter

292 1163 526 1254 primordialea
546 1185 659 1230 rerum
680 1185 834 1231 omnium
858 1163 974 1229 caulae
995 1163 1087 1232 Deo,
1116 1175 1150 1226 et
1170 1157 1404 1254 princrprojn

296 1268 364 1348 qno
385 1246 494 1346 iactae
515 1247 614 1312 [unta
636 1269 716 1314 nam
736 1247 766 1312 tr
780 1250 873 1313 Deua
894 1246 989 1311 nullo
1004 1245 1107 1339 modo
1122 1239 1407 1339 praeceditprm-

294 1330 574 1482 littttltl
591 1331 891 1500 liitttlitt
908 1327 1012 1476 iiii
1028 1323 1334 1472 libuini?
1354 1340 1408 1481 ἓξ

295 1495 447 1582 requitur
474 1499 559 1563 baec
585 1495 721 1570 omnia,
750 1499 861 1560 Deum
881 1510 1011 1581 patrem
1032 1490 1129 1566 dico,
1157 1492 1326 1564 Verbum,
1344 1509 1409 1588 're-

294 1601 372 1644 ram
392 1578 506 1644 caulae
526 1578 563 1643 in
585 1601 626 1647 eo
648 1580 772 1654 factae,
795 1593 972 1643 coaeterna
994 1575 1066 1642 elle.
1093 1577 1137 1638 D.
1158 1575 1238 1638 Non
1260 1593 1406 1637 ommno

206 1737 209 1742 ,
295 1677 475 1728 coaeterna
507 1661 597 1726 funt.
642 1663 730 1726 Nam
756 1661 865 1726 filium
894 1659 983 1746 patri
1015 1672 1231 1722 coaeternum
1260 1654 1408 1720 omnino
1454 1693 1457 1696 -

296 1743 481 1821 credimur,
504 1765 543 1810 ea
564 1763 644 1808 vero
665 1763 751 1831 quae
774 1743 858 1808 facit
875 1757 971 1829 pater
988 1739 1025 1806 in
1040 1739 1129 1814 lilio,
1144 1739 1327 1804 ‘coaeterna
1340 1739 1409 1802 effe

296 1825 369 1892 lilio
401 1825 564 1905 dicimur,
592 1847 665 1892 non
693 1841 806 1892 autem
838 1824 979 1890 omnino
1001 1839 1196 1889 coaetemct
1227 1836 1410 1886 coaeterna

320 1908 456 1985 uidem,
498 1908 577 1996 quia
608 1930 784 1995 nunquam
813 1907 880 1972 fuit
909 1907 978 1970 fine
1007 1901 1285 1992 primordialibua·
1299 1905 1408 1968 carrlia

336 1990 408 2068 iua,
428 1991 638 2056 naturalibus
660 1990 751 2056 etin
773 1991 806 2054 le
827 1988 942 2054 factio:
964 2007 1050 2074 quae
1071 2001 1184 2050 tamen
1201 1987 1317 2050 caulae
1331 2007 1408 2050 non

297 2073 440 2138 omnino
462 2073 494 2138 ei
514 2073 551 2141 in
573 2094 641 2156 quo
662 2075 770 2137 factae
785 2072 879 2146 sunt,
903 2085 1099 2134 coaeternae
1117 2069 1206 2144 [unc
1225 2068 1410 2134 nonenim

297 2151 421 2220 factori
448 2151 536 2217 facta
570 2152 832 2218 coaeternaelle
852 2153 1004 2240 poliunt:
1034 2150 1206 2239 praecedit
1227 2151 1319 2216 enim
1340 2153 1411 2218 fae-
1499 2181 1500 2194 ¹

298 2253 353 2302 tor
374 2257 413 2300 ea
433 2256 519 2334 quae
540 2233 642 2316 facit3
674 2255 755 2300 nam
777 2255 863 2322 quae
884 2233 1025 2300 omnino
1046 2249 1223 2298 coaeterna
1243 2235 1336 2310 lunt,
1358 2235 1411 2300 ito

298 2316 360 2385 sabi
386 2319 535 2382 invicem
557 2315 815 2393 coordinantur,
846 2333 886 2380 ut
905 2317 1038 2383 nullum
1058 2317 1128 2381 fine
1148 2319 1252 2382 altero
1272 2317 1413 2404 poliunt

296 2421 451 2468 manere:
478 2400 586 2464 factor
615 2413 727 2465 autem
756 2415 792 2465 et
817 2400 965 2475 factum,
1002 2399 1162 2487 quoniam
1184 2400 1412 2467 coessentialia

268 2531 271 2538 ι
296 2503 372 2550 non
393 2483 491 2564 lunt,
506 2483 579 2548 non
601 2497 770 2566 coguntur
784 2483 854 2547 elle
876 2497 1071 2547 coaeternae
1103 2499 1273 2568 coguntur
1293 2499 1410 2549 autem

299 2566 431 2651 semper
458 2564 521 2628 effe
545 2563 685 2629 relativa
713 2579 748 2629 ct
767 2565 862 2629 limul
884 2567 965 2640 elle,
998 2565 1077 2652 quie
1098 2565 1207 2629 factor
1226 2567 1295 2630 fine
1315 2568 1410 2632 facto

219 2701 224 2712 .
298 2667 373 2712 non
401 2647 446 2714 est
471 2647 597 2723 factor,
631 2647 818 2712 etinctum
847 2649 916 2712 fine
944 2649 1072 2712 factore
1103 2668 1174 2715 non
1197 2649 1242 2712 ell
1262 2649 1411 2714 famum:

297 2729 383 2796 binc
402 2728 583 2794 conficitur
603 2731 697 2816 quod
716 2728 795 2794 ideo
814 2731 1047 2818 primordiales
1069 2751 1183 2794 rerum
1199 2732 1313 2796 causac
1331 2735 1410 2797 Deo

297 2827 494 2879 coaeternae
523 2810 687 2886 dicimur,
741 2812 798 2876 uia
824 2814 954 2898 semper
979 2812 1016 2874 in
1048 2815 1122 2876 Deo
1143 2813 1212 2877 fine
1231 2815 1302 2878 ullo
1326 2831 1411 2879 tem·

218 2893 221 2908 '
297 2894 409 2983 parali
436 2892 608 2980 principio
629 2894 713 2958 lubfi
764 2911 820 2968 nt,
852 2916 923 2958 non
946 2893 1087 2958 omnino
1110 2911 1224 2959 tamen
1243 2895 1321 2960 ideo
1344 2897 1410 2961 effe

298 2993 509 3053 coaeternae,
539 2997 625 3062 quae
645 2996 716 3040 non
738 2997 758 3038 a
781 2976 910 3062 leipfio,
945 2978 1002 3041 sed
1022 2997 1041 3039 a
1062 2976 1122 3040 luo
1145 2979 1307 3042 creatore·
1322 2979 1410 3044 inci-

323 3059 402 3124 iunt
422 3059 501 3124 elle·

297 3084 353 3208 liae
375 3139 467 3207 enim
487 3083 559 3227 iplld
579 3141 623 3205 est
643 3161 722 3205 vera
743 3140 920 3206 aetemitae
943 3139 1037 3205 omni
1055 3142 1224 3241 principio
1246 3145 1410 3230 omnique

169 3227 199 3264 ·'
298 3223 369 3289 fine
398 3244 534 3298 carena,
567 3222 646 3309 quia
675 3222 746 3310 ipse
774 3223 818 3288 est
843 3221 1049 3310 principium
1080 3246 1234 3290 omnium
1263 3243 1297 3290 et
1316 3225 1408 3292 finio.

298 3308 380 3372 Non
401 3305 494 3370 enim
512 3325 592 3370 vere
613 3305 658 3369 est
678 3305 873 3382 aeternitas,
908 3329 993 3393 quae
1015 3311 1262 3394 quodammodo
1283 3307 1411 3394 incipit

297 3387 383 3465 elle,
404 3388 463 3453 ied
481 3393 559 3452 vere
578 3387 756 3453 aeternitas
778 3403 863 3488 qnae
884 3385 1042 3536 deneges
1063 3391 1128 3467 est,
1165 3395 1232 3456 hoc
1253 3393 1316 3467 est,
1339 3413 1411 3456 om·

560 3059 593 3123 le
613 3079 696 3122 vero
721 3059 860 3123 Creator
878 3059 974 3123 nullo
995 3061 1098 3124 modo
1115 3058 1238 3158 incipit
1255 3062 1335 3137 elle,
1360 3063 1410 3127 lo·

295 3467 340 3546 ni
366 3485 457 3536 caret
482 3469 673 3568 principim
706 3472 920 3560 partrerpatio
949 3495 966 3538 e
1046 3472 1166 3540 Omnia
1187 3490 1300 3540 autem
1321 3495 1410 3540 crea·

267 3633 269 3638 A
298 3567 377 3620 tura
395 3551 520 3640 incipit
540 3555 618 3628 effe,
647 3553 726 3641 quia
748 3571 817 3620 erat
835 3577 943 3703 guum
963 3577 1035 3622 non
1056 3572 1147 3634 erat3
1182 3573 1253 3622 erat
1273 3556 1312 3622 in
1332 3579 1411 3622 cau·

300 3635 343 3702 rn
369 3634 526 3724 quidem,
562 3657 633 3702 non
666 3651 736 3700 erat
757 3637 835 3703 ine
862 3639 1008 3707 ectibuat
1044 3661 1116 3706 non
1138 3639 1279 3706 omnino
1299 3639 1409 3727 igitur

300 3739 380 3784 vere
407 3717 598 3785 aeternitati
628 3735 804 3785 coaeterna
835 3721 888 3786 est.
931 3721 967 3787 si
996 3738 1109 3790 autem
1138 3723 1176 3789 in
1206 3722 1277 3810 ipsa
1308 3723 1410 3788 causa

298 3803 470 3899 causarum
499 3801 676 3877 omnium,
709 3801 745 3866 in
774 3803 942 3870 Trinitrte
964 3805 1063 3882 dico,
1097 3809 1259 3895 quaedam
1282 3805 1412 3871 intelli·
1490 3875 1494 3884 ,

277 3893 391 3970 ‘gitur
441 3884 596 3958 roceffi03
628 3883 757 3964 (Deitas
786 3887 878 3960 enim
909 3887 1052 3976 gignens
1070 3905 1105 3954 et
1124 3889 1280 3964 mittent,
1314 3909 1410 3977 prce·

297 3965 391 4031 cedit
444 3967 581 4065 eitatfm
601 3967 750 4056 genitam
772 3975 1058 4069 etgroeedentem
1071 3993 1113 4037 ex
1128 3972 1301 4060 gignente,
1325 3973 1409 4038 dam

295 4049 340 4132 lit
366 4071 436 4124 una
461 4066 495 4114 et
525 4050 753 4138 inseparabilia
773 4057 914 4135 licitae)
946 4076 1018 4120 non
1038 4053 1162 4122 mirum
1184 4070 1244 4120 aut
1261 4051 1409 4120 incredi-

297 4131 367 4200 bile
394 4135 566 4204 caularum
591 4133 745 4204 omnium
772 4137 903 4220 caulam
933 4138 1048 4206 omnia
1080 4149 1226 4226 quoram
1243 4136 1410 4208 narret
