3038 4828
302 263 388 363 298
641 267 698 339 lle
715 231 899 342 nataae
917 263 1092 342 Nolanue.

301 453 360 520 ait.
402 453 559 529 „Educta
580 469 665 521 terra
687 455 834 522 animatu
854 453 978 521 viram.
1023 457 1152 542 Quare,
1175 457 1303 540 nnec,
1325 467 1421 520 terra

276 537 448 606 animam
470 539 604 614 edocit,
638 538 702 604 nili
722 555 762 603 ut
783 539 891 606 diaeaa
913 538 1140 606 differentiam
1160 538 1293 604 animae
1312 559 1421 625 peco-

298 621 345 686 ria
377 623 417 685 ab
448 623 558 688 anima
586 623 762 688 hominia?
794 625 997 712 paulopost
1026 643 1211 710 eognoacea
1240 624 1420 709 quomodo

299 703 412 770 anima
438 705 588 772 hominia
617 708 706 772 facta
728 706 790 784 οὓς
819 727 914 773 nuuc
935 721 1046 772 autem
1070 706 1149 772 audi
1174 709 1216 771 da
1236 704 1421 770 irrationa-

297 787 419 854 bilium
440 789 568 866 anima.
593 791 774 880 quoniam,
794 795 888 872 juata
908 789 1184 878 quodscriptum
1205 789 1267 867 eli,
1302 789 1421 855 omnia

299 872 453 939 animalia
482 875 593 940 aniana
626 875 761 962 sanguia
786 881 858 956 ejaa
881 875 934 940 eli.
977 873 1121 962 Sanguis
1138 887 1420 938 autemcoucre·

173 1015 174 1022 ,
300 971 355 1022 tua
385 957 422 1022 in
453 979 589 1024 earnem
613 957 739 1024 'mutari
762 957 960 1024 cousuevitt
993 979 1070 1023 caro
1091 979 1177 1022 vero
1195 977 1295 1023 coma
1319 971 1353 1022 ta
1376 955 1418 1020 in

300 1055 422 1106 terram
445 1043 644 1107 resolvitur:
674 1041 919 1129 consequenter
939 1057 1070 1106 terrena
1094 1044 1259 1128 quaedam
1345 1039 1421 1104 ani·

296 1145 353 1189 ma
379 1128 619 1205 jumentorum.
662 1129 795 1192 Educet
824 1145 903 1214 crgo
933 1142 1019 1190 terra
1048 1124 1194 1189 animam
1215 1123 1416 1206 virentem

263 1279 266 1285 ,
296 1207 378 1273 vida
406 1208 681 1296 consequentiam
704 1209 837 1275 animae
857 1213 900 1275 ad
920 1207 1136 1297 sanguinem,
1170 1205 1346 1295 sauguinia
1371 1207 1418 1272 ad

296 1311 450 1368 carnemt
472 1293 647 1358 camiavad
668 1309 808 1358 terrama
831 1309 865 1359 et
885 1293 1008 1358 iterum
1024 1293 1202 1357 revolteua
1218 1313 1280 1378 per
1293 1293 1416 1355 eadem

274 1374 370 1441 ¹redi
402 1397 421 1440 a
448 1390 535 1440 tcrra
569 1375 606 1440 iu
638 1397 790 1452 carnem,
828 1397 969 1444 acarue
989 1375 1026 1440 in
1048 1375 1269 1462 sanguinent,
1303 1373 1417 1440 asan·

294 1457 401 1548 gaiae
419 1455 458 1523 iu
480 1459 645 1524 adimamt
669 1476 703 1524 et
722 1459 878 1525 inveniet
899 1460 978 1548 quia
1000 1475 1087 1525 terra
1112 1459 1156 1522 est
1179 1464 1414 1539 jumentorum

295 1540 427 1623 animat
449 1563 493 1605 ne
515 1543 678 1607 existimet
701 1543 928 1630 antiquiorem
952 1545 1014 1608 else
1036 1563 1077 1608 eo
1120 1541 1187 1606 oria
1202 1541 1252 1605 sui
1268 1539 1414 1605 substan·

295 1623 396 1700 tiam,
420 1647 531 1710 neque
551 1634 807 1711 permanentem
854 1629 901 1693 ost
921 1626 1030 1693 carnia
1053 1627 1086 1691 so
1102 1626 1294 1690 ationem·
1332 1627 1413 1689 Gra·

292 1712 406 1792 gorius
426 1723 493 1795 quo
519 1731 562 1773 ue
583 1705 748 1802 Nyffenas
766 1710 803 1774 iu
827 1651 979 1776 fordione
1004 1713 1046 1775 de
1068 1713 1231 1798 imagine,
1261 1709 1339 1772 1610
1359 1727 1414 1772 ca·

293 1789 417 1878 pitulo.
462 1835 486 1868 ‚.
514 1808 682 1867 tantem,
706 1796 834 1878 inquit,
857 1797 1021 1879 quaedam
1042 1793 1079 1856 in
1101 1790 1414 1856 creaturauutrito·
1444 1825 1455 1850 ·.

293 1871 378 1938 riam
401 1894 421 1938 ο
448 1873 634 1940 emtionem
655 1878 821 1948 habeant,
845 1877 901 1939 lea
924 1877 1064 1939 iterum
1094 1877 1236 1940 uaedam
1258 1874 1413 1938 senfitiv'a
1450 1941 1453 1946 ,

294 1897 566 2022 adminiimntur
592 1959 768 2045 potentin
807 1979 919 2044 neque
939 1957 996 2022 illa
1018 1897 1166 2033 senium,
1197 1975 1309 2044 neque
1329 1960 1415 2022 hacc
1460 2025 1466 2034 ,

292 2040 506 2106 intellectum
528 2041 757 2130 participant3
793 2041 918 2106 livero
941 2041 977 2104 iu
1000 2040 1112 2104 anima
1133 2039 1356 2105 intellectuali
1378 2057 1415 2105 et

291 2122 451 2190 rationali
472 2123 716 2212 perfectionem
738 2127 858 2188 habeta
881 2143 983 2189 omne
1005 2127 1097 2210 quod
1117 2144 1189 2188 non
1213 2123 1336 2200 inest,
1360 2143 1413 2188 ac·

229 2213 237 2230 ⁸
294 2207 478 2296 quivocum
509 2207 647 2294 quidem
672 2207 809 2292 animae
844 2208 907 2272 esse
935 2207 1062 2305 potest,
1096 2227 1168 2271 uon
1197 2223 1412 2278 tamensem
1486 2223 1494 2244 ¹

291 2291 425 2365 anima,
459 2292 517 2356 sed
548 2294 712 2378 quaedam
735 2290 888 2377 operatio
910 2291 1039 2366 vitalia,
1073 2288 1256 2355 vocatione
1276 2289 1411 2355 ¹attituaa

293 2379 427 2439 πίθησθ’
470 2369 537 2438 Sed
558 2376 582 2439 fi
605 2374 652 2438 ita
674 2375 734 2448 est.
769 2391 810 2436 ut
829 2373 879 2437 illi
903 2375 1044 2448 volunt;
1084 2373 1154 2438 Cur
1175 2373 1340 2460 generalia
1363 2374 1413 2438 ri·

291 2472 346 2521 tac
366 2455 569 2544 ,principalia
602 2455 719 2522 divifio
742 2456 844 2521 estin
867 2457 1013 2521 animam
1033 2455 1232 2521 rationalem
1257 2471 1292 2520 et
1310 2456 1411 2522 intel·

290 2540 487 2616 lectualem,
531 2555 566 2604 et
602 2539 749 2605 animam
777 2540 911 2604 ratione
941 2555 975 2604 et
1002 2539 1179 2608 intellectu
1208 2542 1406 2606 carentem?

290 2645 394 2711 quare
424 2623 482 2688 sub
510 2643 582 2689 uuo
610 2645 733 2711 genere
757 2619 865 2699 vitae,
899 2625 985 2689 duae
1009 2623 1137 2722 species
1166 2623 1226 2688 fibi
1258 2622 1407 2690 invicem

290 2706 480 2772 contrariae
510 2707 714 2793 ponuntur?
752 2709 831 2772 Non
860 2703 952 2771 euim
971 2707 1138 2772 rationale
1159 2723 1194 2772 et
1214 2706 1409 2774 irrationale

289 2789 349 2856 libi
364 2789 514 2858 invicem
533 2791 767 2866 adversantur,
789 2789 847 2856 sed
862 2789 1087 2856 differentiam
1103 2789 1289 2877 specierum
1304 2792 1408 2858 onina

290 2873 423 2962 gatteria
452 2875 664 2961 exprimunt:
694 2871 825 2938 viverc'
840 2889 970 2950 autem,
1006 2889 1040 2938 et
1068 2873 1156 2938 mori
1183 2872 1243 2938 fibi
1264 2874 1406 2941 omuino

178 3007 187 3019 .
290 2975 532 3046 opponunturt
554 2979 663 3024 unum
686 2956 777 3023 euim
800 2958 954 3022 habitum
976 2956 1140 3044 fignificat
1150 2944 1168 3033 ‚³
1183 2958 1325 3021 alterum
1339 2957 1405 3046 pri·

287 3042 480 3128 reticuerat
501 3041 636 3106 habitur
660 3057 773 3106 autem
794 3057 829 3105 et
846 3040 993 3128 privatio
1010 3040 1139 3105 fibimet
1154 3037 1403 3108 contradicunt.

213 3129 217 3132 ’
266 3123 327 3190 xSi
347 3124 545 3214 igitur-poll
566 3119 769 3194 solutionem
790 3123 940 3211 corporis
961 3145 1029 3188 una
1052 3124 1178 3212 speciae
1199 3139 1337 3201 manet,
1360 3127 1403 3191 tl·

289 3225 360 3280 tcta
379 3209 488 3298 perit3
518 3211 691 3296 quomodo
715 3229 828 3272 earum
851 3229 957 3294 genua
980 3223 1090 3273 totum
1113 3209 1208 3272 suum
1231 3207 1402 3274 servabit?

288 3295 334 3358 Ut
368 3294 460 3359 anim
480 3307 645 3380 pereunte
667 3313 790 3379 genere
812 3313 930 3356 omuet
952 3293 968 3354 s
991 3291 1080 3358 eciea
1103 3289 1194 3366 illiut
1216 3291 1328 3378 perite
1348 3315 1405 3358 uc·

287 3377 372 3443 cesse
401 3377 462 3459 elit
502 3375 550 3440 ita
575 3373 827 3440 intereuntibus
857 3313 1031 3462 specieiua
1059 3373 1195 3440 illorum
1220 3385 1334 3461 'genua
1354 3375 1405 3441 iu·

288 3459 389 3526 terite
408 3457 496 3524 ratio
518 3457 646 3546 cogita·
666 3481 773 3546 genua
795 3458 886 3524 enim
909 3459 945 3522 iu
968 3457 1035 3524 suia
1055 3457 1229 3548 speciebus
1249 3458 1403 3538 salvatur,

288 3559 324 3608 et
353 3542 479 3631 species
508 3541 545 3606 in
576 3565 710 3630 genere.
753 3541 790 3606 Si
820 3559 932 3607 autem
962 3541 1168 3622 sarmarum,
1202 3539 1261 3604 seu
1280 3543 1404 3629 specie·

286 3648 382 3702 mm,
414 3627 474 3692 sub
504 3647 578 3692 uuo
606 3647 729 3713 genere
759 3625 1034 3701 constitutarum,
1071 3627 1235 3714 quaedam
1255 3627 1402 3714 quidem

285 3713 423 3798 possunt
450 3711 556 3786 mori,
589 3726 624 3776 et
643 3707 856 3792 moriuntur3
886 3713 1050 3798 quaedam
1073 3729 1155 3774 vero
1176 3728 1250 3772 uon
1269 3711 1404 3798 pellunt

285 3793 394 3873 mori,
414 3815 482 3862 nec
500 3793 712 3870 moriuntart
736 3792 820 3880 quid
841 3795 885 3858 dc
905 3791 1051 3892 ipsarum
1076 3813 1199 3882 genera
1220 3791 1400 3860 dicemur?

224 3952 227 3960 ,
286 3899 331 3946 an
360 3893 396 3945 et
424 3877 535 3968 ipsum
564 3877 602 3943 in
632 3876 833 3964 quibusdam
862 3875 1005 3964 parabit,
1037 3875 1075 3942 iu
1109 3874 1310 3964 quibusdam
1333 3897 1403 3944 nou

284 3961 438 4050 peribat-t
481 3983 554 4028 nou
585 3959 678 4027 enim
712 3959 885 4049 integrum
905 3959 1019 4110 (quoted
1047 3981 1266 4048 permanere,
1311 3960 1402 4050 quad

287 4048 449 4134 quaedam
469 4047 543 4114 suaa
562 4059 675 4134 parter
694 4043 824 4146 patitur
842 4065 904 4133 per
927 4063 1005 4110 etet
1026 4063 1067 4109 ac
1085 4065 1147 4146 per
1168 4045 1237 4111 hoc
1250 4065 1322 4112 unu
1338 4043 1402 4112 erit

284 4151 410 4219 genua,
429 4131 502 4212 ised
532 4127 665 4218 generit
696 4151 807 4196 ratna.
850 4125 887 4195 Si
916 4125 1184 4194 animamarum
1205 4141 1402 4217 corpotcct

284 4214 398 4284 aalma
418 4212 678 4286 coustitutomm
700 4233 811 4282 naam
831 4233 939 4302 genua
959 4211 1024 4292 esi,
1063 4215 1157 4302 quod
1175 4211 1303 4280 animal
1316 4208 1403 4281 ale·-
