3038 4828
203 271 219 328 ¹.
309 227 386 301 266
494 211 495 221 ἵ
643 227 1087 301 recommendare.

250 413 260 442 l
309 412 405 499 tique
425 409 461 475 in
483 411 596 478 medio
616 433 732 478 earum
752 409 833 480 facti
853 431 924 478 uon
945 412 1152 501 incongrua,
1183 425 1224 478 ut
1243 429 1349 488 reor:
1361 413 1426 478 de·

309 495 465 582 scriptam
499 493 769 562 existimavimus:
808 497 958 562 Tertiam
988 517 1069 562 vero
1090 497 1211 562 mundi
1226 497 1429 562 confideri·

307 579 437 644 tionem
459 577 496 651 in
519 580 749 668 segregatione
770 599 904 656 corum,
927 592 1013 668 quae
1027 579 1064 644 in
1082 601 1122 647 eo
1135 579 1309 646 mutabilia
1324 578 1425 654 sunt,

307 665 349 727 ab
374 662 447 738 hia,
478 685 564 764 quac
582 671 724 728 naturae
745 665 822 730 suae
843 663 992 740 subdatis
1014 663 1193 740 custodita,
1219 663 1427 728 incommu-

306 745 458 810 tabiliter
484 769 520 811 m
553 750 671 812 eodem
699 763 899 836 permanent
927 749 1011 812 slatu
1040 745 1336 823 constituta;·hoc
1360 745 1427 821 esi,

257 849 259 865 ’
305 831 343 897 in
367 829 571 894 discretione
593 831 747 896 omnium
767 830 982 896 mutabilium
1004 830 1247 903 accidentium,
1268 829 1427 894 rationa-

306 912 368 977 bili
396 913 554 978 contuitu
588 918 627 980 ab
655 915 859 980 immutabili
881 913 1140 980 substantialium
1163 915 1342 979 formarum
1370 914 1428 977 so·

266 1059 273 1080 .
305 995 457 1070 liditate,
494 1017 654 1083 aquarum
684 1021 748 1064 con
791 998 964 1086 egatione,
1004 1014 1174 1084 terraeque
1203 995 1428 1084 apparitione

306 1079 457 1144 divinam
484 1079 680 1166 scripturam
709 1081 746 1146 in
773 1081 887 1146 nuasse
912 1080 1062 1160 arbitutti
1093 1082 1216 1145 sumus.
1258 1081 1329 1143 Nec
1346 1077 1426 1143 irrr-

305 1162 448 1238 merito;
484 1186 562 1228 cum
582 1163 865 1252 frequentissimus
887 1164 1080 1229 divinorum
1105 1163 1427 1251 eloquiorumusua

305 1247 366 1321 est,
394 1245 580 1312 visibilium·
603 1271 715 1312 rerum
746 1247 976 1336 significativia
996 1247 1156 1322 vocibus,
1192 1243 1427 1314 invisibilium

303 1339 416 1404 rarum
445 1333 626 1402 naturales,
644 1331 881 1408 subsistentiae,
906 1330 1052 1395 rationes
1078 1351 1120 1393 ue
1143 1333 1185 1394 ad
1207 1327 1428 1394 exercitatio·

215 1453 227 1464 -
304 1433 383 1477 nem
436 1411 469 1476 ie
488 1412 802 1501 philosophantium
823 1412 1018 1500 fignificiere.
1096 1434 1137 1477 ec
1156 1412 1298 1484 mirum,
1333 1431 1427 1476 cum

303 1491 392 1582 saepi
432 1517 486 1560 me
521 1496 746 1582 spiritualium
776 1513 810 1560 et
831 1494 1050 1570 invisibilium
1072 1517 1183 1570 rerum
1203 1491 1425 1570 nominibus,

303 1581 492 1666 corporalea
514 1580 746 1667 sensibilesque
767 1581 925 1644 affueacat
945 1579 1116 1643 innuere..
1145 1581 1250 1657 Cujus
1267 1575 1427 1662 recipro-

302 1683 363 1726 cae
392 1675 481 1726 meta
507 1665 610 1726 bo'ra'a
632 1667 712 1731 dum
734 1663 812 1726 sunt
831 1664 938 1726 multa
961 1664 1110 1748 exempla
1133 1675 1170 1725 et'
1186 1660 1426 1724 innumerabi-

300 1743 375 1818 lia,
393 1685 560 1830 praeiinti
589 1745 729 1832 negotio
759 1747 951 1820 cumulare,
983 1744 1208 1830 omnibusque
1239 1743 1275 1806 in
1297 1741 1427 1808 divina

301 1825 465 1911 scriptura
505 1827 693 1892 exercitatis
729 1825 1006 1904 manifestiffimat
1044 1830 1187 1913 longum
1212 1825 1350 1889 videtur
1387 1843 1426 1891 et

227 1943 233 1961 ·
301 1903 528 1994 superfluumt
559 1910 676 1997 paucio
704 1925 817 1973 tamen
846 1910 1007 1995 exemplis
1035 1925 1180 1974 utamur.
1217 1909 1326 2008 puori
1359 1931 1425 1973 rra·

302 2006 371 2056 tum
393 1992 441 2080 ss
462 2017 506 2057 aa·
526 2013 623 2056 earne
644 2013 721 2057 earo
742 1992 812 2087 esta
844 1993 901 2057 hic
921 2009 1014 2056 totua
1034 1996 1137 2056 homo
1160 1990 1424 2078 originalipec·

302 2079 379 2140 c'a'to
407 2097 550 2141 natcena
580 2075 689 2141 carnit
711 2075 853 2140 nomine
875 2089 1032 2140 vocaturi
1065 2090 1098 2138 et
1118 2077 1207 2159 quod
1228 2068 1344 2139 nutrirat
1370 2103 1390 2142 e

301 2164 345 2224 eb·
361 2157 491 2250 spiritu
506 2157 658 2248 spiritua
685 2157 752 2253 est:
785 2145 1357 2255 totua·¹·ho'rno¹er·regeneratione
1381 2184 1421 2227 rn

301 2243 440 2318 christo,
468 2263 647 2308 renascens
680 2242 846 2304 vocabulo
865 2239 1030 2326 'spiritus-³
1048 2241 1257 2326 exprimitur.
1308 2243 1361 2306 Et
1397 2245 1423 2308 fi

301 2325 376 2412 quie
400 2323 539 2399 dixerit,
561 2331 746 2389 non'totua
769 2327 872 2387 homo
895 2341 934 2386 cx
954 2341 1054 2388 carne
1076 2324 1241 2400 nascitur,
1263 2325 1321 2390 scd
1347 2327 1421 2392 sola

300 2407 461 2472 hominia.
481 2427 575 2471 caro:
604 2408 658 2471 res
681 2409 832 2470 ondebot
875 2405 995 2482 Noni
1022 2407 1089 2468 itur
1120 2423 1211 2472 totua
1236 2411 1349 2472 bouto
1379 2432 1421 2475 etr

300 2489 421 2580 spiritu
448 2488 615 2566 nascitur,
652 2429 706 2553 lid
737 2489 804 2552 sola
826 2488 948 2552 anima.
969 2517 972 2525 ·
992 2429 1079 2552 Etsi
1101 2489 1147 2553 ita
1171 2492 1229 2566 est,
1261 2491 1422 2636 sepuitur

299 2564 682 2658 gritiamvbaptirmatis‘
705 2569 793 2636 nihil
823 2569 1019 2658 corporibus
1044 2573 1159 2637 noslria
1181 2577 1285 2660 prode
1309 2595 1357 2640 er
1396 2579 1421 2641 si
1498 2647 1499 2652 γ

300 2671 412 2721 autem
443 2671 535 2720 totua
556 2660 676 2728 bomo,
701 2653 811 2720 anima
834 2656 901 2720 tria.
925 2669 960 2718 et
982 2668 1120 2741 corpur,
1151 2655 1188 2722 in
1212 2655 1344 2723 Christo
1370 2683 1423 2724 re·

197 2789 204 2806 .
298 2739 466 2816 naacitur,
497 2753 531 2802 et
559 2737 695 2826 spiritua
722 2735 884 2814 efficitur,
914 2738 1093 2803 necessarib
1124 2755 1215 2805 totut
1246 2743 1355 2804 horno
1379 2743 1418 2808 in

298 2827 426 2890 Adamo
459 2829 499 2886 eir
528 2819 816 2895 carne‘naacitur,
850 2835 884 2884 et
906 2831 982 2884 calo
1005 2821 1058 2885 esi.
1102 2826 1149 2887 Ac
1171 2825 1214 2888 stc
1235 2824 1420 2890 concludi·

299 2921 371 2981 tur,
404 2921 439 2970 et
467 2927 608 2970 carnem·
634 2903 793 2992 appellari
826 2903 999 2990 spirituma
1034 2921 1068 2968 et
1088 2905 1240 2992 spiritum
1263 2925 1419 2974 carnem.

300 2991 443 3057 Verbum
466 2989 530 3052 Dei
553 3004 693 3053 vocatur
714 3010 809 3056 caro,
830 2997 864 3051 et
885 3009 961 3070 caro
983 2991 1140 3062 verbum,
1165 3005 1199 3054 et
1214 2987 1353 3064 similia,
1379 2992 1418 3056 in

321 3073 421 3138 uibus
451 3073 546 3136 fimus
575 3087 610 3135 et
635 3072 858 3154 synecdoche
876 3069 1097 3168 intelligitur,
1137 3089 1171 3136 et
1202 3073 1417 3170 metaphora.

297 3095 375 3222 lion
408 3177 487 3218 ero
520 3154 787 3241 allegoriavimua
811 3156 891 3218 dum
914 3173 1054 3219 nomme
1076 3155 1178 3230 lucia,
1210 3155 1339 3242 spectes
1366 3181 1419 3222 re·

297 3261 372 3304 rum
408 3179 552 3302 vifibilea
575 3255 608 3300 ct
629 3237 879 3334 intelligibiles,
911 3241 1123 3302 tenebrarum
1145 3259 1224 3302 vero
1247 3236 1418 3324 significa·

297 3323 426 3386 tionem
457 3321 568 3384 causae
596 3321 843 3394 substantiales,
881 3329 1016 3398 omneni
1049 3322 1180 3389 sensum
1205 3321 1418 3389 et'intellec·

296 3421 369 3470 turn
399 3405 611 3490 superantes,
642 3404 678 3466 in
701 3420 815 3468 mente
837 3403 953 3467 divina
974 3404 1187 3486 aeternaliter
1209 3403 1416 3484 substitutae,

296 3487 447 3552 divinam
479 3484 674 3582 scripturam
700 3486 876 3552 insinuasse
905 3485 1059 3552 diximus.
1082 3491 1279 3574 o-aquarum
1312 3509 1415 3566 vero,

296 3585 331 3635 et
352 3571 555 3633 firmamenti
576 3567 612 3634 in
632 3570 748 3635 medio
767 3591 884 3634 earum
907 3569 1097 3652 symbolicis
1113 3569 1416 3658 appellationibus,

294 3657 395 3733 hujus
422 3651 544 3718 mundi
573 3652 709 3718 vifibilie
739 3652 906 3742 triplicem
936 3653 1205 3719 substitutionem
1235 3652 1271 3716 in
1302 3657 1416 3720 caufia

294 3735 362 3800 riu.
391 3735 477 3812 suia,
493 3757 588 3884 guae
619 3742 653 3804 S.
679 3734 864 3824 Ambrqfius
875 3733 1087 3828 substantias
1106 3759 1211 3802 retum
1231 3731 1415 3827 visibilium

294 3823 330 3884 in
359 3833 466 3882 mente
536 3823 883 3904 svinuproeeonditos
904 3821 1068 3907 appellat,
1102 3821 1193 3886 etin
1215 3822 1418 3888 universali·
1498 3837 1499 3840 ’

293 3905 357 3968 but
389 3902 585 3979 elementia,
621 3927 705 3992 quae
735 3904 854 3971 Graeci
882 3903 1048 3970 catholica
1078 3905 1244 4005 στοιχαῖα
1269 3921 1412 3984 vocant,

296 4007 336 4052 co
369 3989 462 4074 quod
492 3985 552 4051 sibi
579 3985 726 4054 invicem
751 3987 976 4064 conveniant,
1010 4003 1045 4054 et
1066 4003 1262 4056 concinant.
1304 3992 1412 4056 Στοι-

293 4069 438 4159 χεῖωσις
458 4069 550 4135 enim
572 4071 616 4136 est
637 4067 863 4148 dtardr'rworr,
884 4076 952 4138 hoc
965 4070 1029 4150 cll,
1052 4071 1288 4140 conformatio.
1331 4073 1411 4138 1110·

293 4175 370 4224 rum
398 4167 545 4242 namque
572 4160 737 4224 concursu
757 4155 873 4224 omnia
894 4155 1197 4246 corporavifibilia
1219 4153 1410 4224 conficiun-
