3048 4856
238 293 240 298 ,
310 211 397 292 roe
574 151 1087 314 ¹ruaarumreatem.

310 397 513 466 Univerfitae
531 395 591 466 illa
612 415 698 484 qnae
721 396 849 466 constat
868 419 910 468 ex
929 399 1044 480 coelo,
1080 411 1116 464 et
1136 409 1243 472 terra,
1275 409 1427 484 quatuor

311 483 507 558 elementia,
537 482 575 547 in
597 481 741 569 speeiem
762 482 853 550 orbie
875 481 1018 548 absoluti
1039 481 1258 568 conglobata,
1286 479 1428 546 mundi·

284 571 288 579 '
310 589 376 654 que
396 566 537 635 nomine
557 567 728 643 vocitata,
752 583 787 630 et
808 569 851 633 de
871 565 980 632 nihilo
1001 566 1090 630 facta
1111 565 1171 639 est,
1195 579 1236 626 ut
1256 562 1363 640 aiunt,
1390 579 1428 628 et

312 651 523 718 aeternaliter
543 651 713 722 mansura,
736 665 868 736 praeter
889 652 1050 737 quaedam
1065 645 1344 733 suaeparticulae,
1356 651 1428 712 boc

311 736 371 810 eli,
413 732 646 822 corruptibilia
666 755 807 820 corpora
828 732 1039 821 generationi
1062 724 1329 816 et'cornrptioni
1351 731 1429 795 lub-

308 823 413 900 jecta,
444 839 530 918 quae
558 838 682 915 negare
712 838 783 881 non
812 819 948 904 poliunt
975 815 1144 904 peritum
1182 815 1314 879 coelum
1341 835 1428 880 vero

311 923 389 967 cum
418 902 485 966 lure
515 901 688 984 syderibus
715 902 845 986 semper
877 900 970 975 fore,
1001 901 1066 966 live
1094 897 1245 974 volubile
1265 899 1325 976 fit,
1356 899 1428 963 five

244 1026 246 1035 ·
308 985 440 1051 moveri
473 985 608 1050 delinat.
651 989 689 1048 ln
719 988 788 1050 hoc
823 1003 970 1071 namque
990 983 1103 1047 lenlue
1125 1003 1242 1046 eorum
1262 981 1424 1058 variatur,

310 1069 511 1157 quibusdam
532 1065 774 1134 affirmantibus
795 1066 913 1132 statum
927 1065 1143 1132 mutabilium
1157 1065 1329 1140 futurum
1351 1063 1428 1152 qui·

309 1155 452 1218 busdam
472 1173 553 1218 vero
574 1152 762 1218 naturalem
781 1167 915 1216 motum
940 1152 1184 1215 elementorum
1203 1148 1334 1294 ppmper
1350 1171 1426 1214 non

309 1237 518 1301 collaturum.
570 1235 640 1300 llli'
659 1235 797 1323 quidem
831 1236 1006 1320 sequentes
1043 1235 1135 1319 quod
1167 1231 1203 1296 'lc
1223 1229 1332 1316 'ptum
1366 1233 1423 1308 est,

311 1335 405 1384 errore
433 1325 545 1385 omnia
571 1323 704 1404 quieta,
738 1335 773 1384 et
803 1317 871 1382 hoc
897 1321 940 1382 de
960 1317 1044 1380 liatu
1063 1313 1280 1380 mutabilium
1300 1314 1428 1378 intelli·

310 1401 446 1552 qenteet
475 1404 526 1468 illi
553 1425 652 1480 vero,
690 1415 880 1467 concentum
911 1403 993 1468 coeli
1020 1404 1093 1481 'quis
1121 1389 1427 1494 dormiretfuciet?

335 1509 354 1552 e
389 1503 525 1554 aeterno
561 1485 777 1552 mutabilium
813 1499 912 1549 motu
948 1483 1078 1550 dictum
1110 1483 1174 1546 elle
1207 1481 1425 1567 accipientes.

309 1570 495 1636 Harmonia
516 1571 679 1657 liquidem
700 1567 847 1634 coelestis
868 1569 936 1632 fine
956 1582 1055 1632 motu
1075 1569 1248 1630 aethereae
1265 1565 1424 1652 sphaerae

310 1653 463 1720 omnium
488 1677 533 1718 ue
561 1655 705 1718 fiderunt
736 1655 908 1739 quomodo
942 1649 1070 1738 poterit
1101 1647 1302 1724 concinere,
1344 1671 1425 1715 cum

310 1737 439 1798 Musica
467 1677 598 1819 iemper
629 1737 667 1796 in
687 1751 786 1798 motu
809 1735 849 1798 lit
869 1735 1154 1819 quemadmodum
1176 1730 1368 1798 Geometria
1387 1733 1425 1798 in

311 1815 422 1878 statu?
445 1818 630 1878 Terrenam
651 1833 786 1898 quoque
806 1817 931 1878 molem
952 1817 1044 1884 luam
1090 1815 1237 1900 ropriam
1258 1815 1425 1900 quantita·

311 1913 381 1962 tem
409 1898 538 1996 semper
566 1895 757 1960 habituram
780 1894 1053 1962 indubitantera
1103 1907 1218 1962 'mantt
1247 1898 1425 1984 sequentes

312 1983 406 2070 quod
426 1981 586 2066 lenptum
609 1977 669 2054 cll,
696 1982 874 2045 ueneratio
895 1984 1007 2052 venir,
1028 1985 1200 2062 generatio
1220 1983 1334 2056 uadit,
1356 1997 1424 2047 ter·-

310 2087 351 2130 ra
376 2086 455 2128 uero
485 2069 520 2126 in
547 2077 715 2126 oeternum
730 2061 821 2150 stat.
868 2065 920 2126 Eo
943 2064 1096 2148 exemplo
1120 2067 1211 2148 quod
1233 2065 1424 2150 superficies

311 2153 383 2228 ejus
408 2146 560 2234 undique
582 2145 793 2232 planabitur,
815 2161 856 2210 ut
874 2145 1048 2232 pulchrior
1069 2167 1169 2232 quam
1188 2169 1283 2210 nuno
1299 2149 1352 2224 eli,
1376 2150 1422 2214 ei-

311 2231 463 2307 ficiatur,
498 2253 537 2295 ac
564 2229 672 2294 veluti
700 2251 792 2295 nova
821 2232 964 2316 quadam
985 2228 1133 2315 partium
1154 2250 1192 2292 ae
1216 2229 1355 2297 ualitete
1374 2255 1423 2297 re·

310 2330 456 2389 novata,
486 2335 557 2378 non
589 2327 629 2375 ut
659 2313 804 2377 intereat
834 2315 927 2398 quod
948 2333 1043 2376 nunc
1065 2311 1124 2389 est,
1156 2250 1215 2376 rei
1233 2309 1424 2380 ut'mutata

310 2395 348 2461 in
377 2395 499 2461 melius
530 2393 699 2482 quantitas
729 2399 800 2476 ejue
829 2409 863 2458 et
885 2394 1066 2482 aequalitas
1086 2411 1298 2481 permaneat,
1329 2401 1421 2486 quod

310 2478 413 2545 etiam
441 2481 483 2544 de
504 2480 599 2543 coelo
621 2479 743 2542 volunt
764 2477 929 2564 intelligi,
959 2481 1026 2542 hoc
1047 2479 1109 2554 est,
1143 2481 1235 2566 quod
1256 2485 1328 2561 ejue
1373 2484 1421 2546 ul·

310 2563 467 2627 chritudo
501 2561 538 2625 in
561 2582 626 2648 qua
647 2561 907 2625 nunc'lenfibue
929 2559 1099 2646 corporeis
1121 2562 1261 2638 arridet,
1290 2563 1328 2628 in
1348 2506 1421 2629 ine

309 2645 431 2710 mundi
452 2643 679 2710 cumulabitur
700 2645 915 2731 abequeullo
938 2645 1092 2730 globatae
1112 2644 1190 2708 luae
1208 2645 1336 2732 figurae
1350 2649 1422 2714 stel-

308 2731 462 2814 lataeque
476 2727 628 2812 picturae
643 2725 796 2802 interitu,
820 2725 982 2814 queniam
999 2727 1159 2814 scriptum
1178 2727 1230 2804 est,
1253 2727 1418 2807 ueniunt:

308 2816 388 2878 Erit
408 2811 529 2876 coelum
549 2833 666 2874 nouum
687 2821 722 2874 et
741 2823 833 2892 terra
852 2831 958 2876 novar
979 2813 1091 2876 coeloe
1116 2825 1230 2876 autem
1249 2812 1418 2898 perituros

214 2919 220 2933 ·
307 2917 380 2961 non
410 2898 451 2959 de
478 2886 704 2980 superioribus
731 2892 853 2958 mundi
878 2892 1049 2991 partibus,
1078 2915 1197 2960 verum
1227 2897 1269 2959 de
1305 2897 1418 2983 spatiie

308 2983 409 3058 hujus
430 2977 512 3041 aeris
533 2976 621 3040 infra
640 2978 757 3042 lunam
777 2975 993 3064 intelliguntr
1014 2991 1054 3042 ut
1076 2979 1361 3063 quemadmodum
1379 2979 1416 3046 in

313 3061 445 3129 diluvio
474 3061 569 3125 versa
596 3059 739 3125 suntin
767 3077 902 3147 aquam,
932 3059 980 3123 ita
1007 3059 1129 3124 mundi
1156 3059 1226 3126 fine
1246 3077 1421 3128 vertentur

271 3192 274 3210 .
306 3145 344 3211 in
374 3148 562 3220 flammam,
609 3160 644 3208 et
675 3143 884 3208 incrementa
912 3158 947 3206 et
976 3144 1189 3208 decrementa
1216 3161 1417 3212 cunctorum

307 3251 393 3317 quae
428 3226 519 3292 intra
557 3223 723 3292 circulum
752 3227 854 3291 lunae
881 3224 1121 3291 continentur:
1154 3226 1416 3298 vicillitudinem

306 3313 499 3378 cellaturam
526 3329 596 3372 non
626 3309 733 3374 solum
760 3331 833 3375 non
864 3311 1034 3397 denegant
1061 3331 1180 3374 verum
1210 3309 1313 3377 etiam
1334 3312 1417 3378 affir-

306 3410 411 3460 mant
454 3391 568 3479 Spatia
599 3389 682 3457 item
704 3391 786 3461 aerio
809 3407 843 3458 et
864 3391 1006 3458 aetheris
1029 3387 1254 3459 distribuenda
1273 3396 1347 3461 lore
1368 3417 1416 3462 ar·

305 3477 495 3554 bibantur,
519 3474 662 3540 aetheris
678 3471 822 3562 'quidem
842 3474 881 3540 iu
902 3492 1072 3541 aeternam
1088 3475 1321 3624 polleffionem
1341 3481 1416 3544 hea·
1500 3515 1501 3520 κ

271 3601 273 3608 ·
305 3577 419 3626 torum
449 3561 645 3647 angelorum
668 3557 914 3646 hominumque
934 3559 995 3624 fibi
1014 3558 1085 3624 limi
1100 3581 1194 3636 rum,
1228 3561 1311 3628 ae'rie
1331 3583 1413 3628 vero

303 3643 474 3709 inferioris
495 3641 583 3708 circa
604 3657 726 3708 tertam
745 3643 830 3710 undi
855 3666 899 3708 ue
920 3643 1029 3710 diffufi
1049 3643 1087 3707 in
1110 3647 1285 3710 aeternum
1306 3667 1414 3712 carce·

303 3751 377 3794 rem
401 3743 619 3813 aeternaeque
640 3727 809 3804 flammae,
833 3665 998 3793 idealiter
1016 3726 1257 3816 visibiliterque
1277 3730 1411 3806 arsurae,

303 3813 494 3898 torquendo
516 3807 650 3875 diabolo
672 3831 751 3876 cum
773 3809 931 3876 membris
952 3809 1036 3888 luia,
1065 3813 1132 3878 boc
1154 3812 1215 3890 est,
1248 3813 1410 3899 Apollatic
1497 3867 1498 3889 ,

302 3895 454 3992 Angelis,
482 3891 711 3982 similibusque
736 3893 797 3958 libi
818 3893 1014 3960 hominibus
1033 3892 1167 3982 impiie;
1204 3916 1243 3960 ac
1263 3917 1324 3982 per
1343 3899 1408 3962 boc

302 3993 862 4128 restructum
888 3979 1046 4128 ¹⁰i³0¹2⁰¹lt
1062 3981 1411 4130 millii*

300 4144 422 4214 mundi
449 4143 554 4234 spatia
580 4083 788 4234 motumquge¹
810 4105 884 4228 ciui
911 4147 1117 4214 morularum
1136 4087 1335 4214 1iuteivallie
1364 4111 1410 4214 dis

1491 4293 1494 4377 l
