2970 4826
319 247 399 320 rae
640 229 1091 373 polemicum.
1180 206 1186 218 ’
1275 303 1281 312 .
1451 208 1452 300 l

202 467 209 474 -
320 412 425 519 φῦσει
447 444 481 497 et
502 423 613 520 φύσις
631 453 694 519 pro
716 423 835 509 circla,
868 432 918 498 ita
939 435 1030 520 apud
1051 433 1191 502 Latinae
1213 435 1356 502 edentia
1381 459 1440 524 prc

318 531 438 582 natura
467 529 501 578 et
530 531 648 580 natura
677 537 739 604 pro
773 501 908 582 ellebtia
939 517 1171 583 indifferenter
1205 519 1453 596 constituitur,

318 601 405 664 salva
428 611 540 662 tamen
563 599 763 686 lingularum
785 601 806 664 fi
856 591 1066 666 ilicationunr
1081 602 1299 688 proprietate.
1324 607 1453 668 Ellen-¹

288 709 292 719 ’
319 683 402 748 tirim
422 681 536 768 itaque
558 703 669 750 rerum
692 683 808 748 ienfibi
823 685 913 759 ium,
945 705 1044 770 quem
1065 687 1233 772 praelatus
1254 688 1362 751 Pater
1385 711 1439 750 na·

183 2219 189 2230 ·
318 2186 476 2250 omnibus
497 2184 694 2250 huminibus
716 2186 784 2250 five
804 2184 946 2272 perfecti
962 2183 1025 2248 sint

281 2348 286 2413 l

289 2508 294 2565 l

272 2885 276 2904 l

275 2908 279 2927 l

239 2932 383 3061 lq

142 3173 145 3184 .
273 3100 279 3181 l

318 783 413 831 turae
434 765 633 864 significavit
655 767 904 856 appellatione,
926 769 1167 868 perpetualiter
1180 772 1436 868 permansuram

318 851 381 915 elle
402 865 488 914 rano
510 849 711 914 fiducialiter
732 851 862 925 astruit,
908 871 1046 916 uonrarn
1067 851 1104 914 in
1130 852 1245 916 divina
1265 853 1433 939 sapientia

318 932 606 1014 incommutabilis
636 936 724 999 ultra
757 935 871 1008 omnia
885 874 978 999 qloca
999 949 1032 999 et
1055 949 1205 1022 tempora
1225 957 1434 1024 omnemque
1453 942 1454 1012 ἶ

318 1015 578 1084 mutabilitatem
608 1016 696 1082 facta
726 1019 778 1082 ell.
822 1019 984 1083 Naturam
1013 1039 1093 1082 vero
1115 1040 1177 1104 per
1197 1021 1270 1084 loca
1295 1035 1334 1084 et
1355 1023 1454 1084 tene'

316 1121 401 1188 pora
422 1115 631 1186 generatam,
665 1101 852 1188 ceteriaque
875 1101 1112 1166 accidentibua
1126 1101 1308 1166 intervallo
1333 1104 1434 1168 ambi·

318 1199 405 1261 tam,
437 1181 614 1247 intervallo
646 1186 799 1250 omnium
829 1184 1052 1272 praedefinito
1083 1183 1291 1270 perituram,
1331 1209 1431 1251 nemo

317 1264 501 1354 sapientiae
535 1265 648 1332 studiia
677 1261 862 1346 instructus,
880 1267 990 1367 potest
1019 1267 1196 1414 ambipere.
1239 1269 1455 1358 Hieugitm3

319 1366 353 1414 et
373 1348 568 1429 huiuamodi
590 1351 748 1416 lenfibilia
769 1355 889 1417 rnundr
913 1365 947 1416 et
966 1351 1118 1424 universa
1133 1351 1197 1416 iter
1219 1358 1255 1415 et'
1267 1347 1431 1439 ‘particu-

239 1435 250 1444 “
317 1433 433 1498 laritcr
453 1433 602 1498 motibus
623 1435 935 1520 recurfionibnaque
956 1434 1239 1536 certillirniaquea
1255 1436 1430 1522 principio

318 1533 475 1584 motuum
495 1517 762 1584 restitutionibus
785 1523 828 1584 ad
848 1519 957 1606 ipsum
977 1519 1204 1617 principium,
1231 1522 1316 1584 dum
1340 1521 1430 1584 enim

317 1616 432 1666 metue
451 1623 562 1665 rerum
585 1603 625 1664 ab
648 1623 688 1666 eo
710 1601 853 1689 incipit,
876 1601 1101 1688 principium,
1125 1606 1206 1668 dum
1227 1623 1311 1666 vcro
1331 1602 1370 1666 in
1387 1604 1432 1688 ip·

319 1685 393 1748 lum
425 1683 560 1758 definit,
592 1683 670 1748 liniri
697 1685 780 1750 solet
802 1707 818 1749 a
844 1684 980 1772 pellari;
1014 1707 1093 1748 nam
1115 1701 1149 1749 et
1173 1687 1264 1769 apud
1285 1687 1432 1750 Graecos

317 1765 798 1916 tzittlittllblltl
821 1769 1122 1924 εἵὶἴῃὲΐὲῗέἰὶῗ·
1156 1767 1432 1917 illitati

317 1933 371 1999 bie
392 1933 528 2018 mystice
550 1875 724 2012 inilmani'
731 1935 793 2000 nili
814 1934 941 2000 reditus
966 1935 1093 1998 nostrae
1111 1874 1255 2014 balurae
1274 1938 1318 1998 ad
1340 1936 1430 2022 prin·

318 2015 448 2104 cipium
469 2019 566 2082 suum
589 2039 607 2087 a
632 2037 699 2104 quo
721 2021 809 2082 faeta
832 2019 892 2092 est,
917 2031 950 2106 et
970 2017 1007 2082 in
1030 2037 1098 2104 quo
1121 2033 1155 2082 ct
1199 2019 1343 2104 erquod
1364 2040 1430 2082 mc

317 2117 434 2176 vetur,
465 2117 499 2166 et
526 2103 577 2166 ad.
598 2104 690 2189 quod
720 2102 831 2168 tendit
850 2101 960 2166 redire
981 2101 1045 2164 lem
1074 2123 1117 2164 er.
1194 2101 1377 2166 encraliter
1396 2102 1429 2164 in

1047 2125 1112 2247 Ere
1131 2183 1343 2268 imperfecti,
1366 2187 1428 2250 five

343 2269 395 2332 uri
435 2257 515 2332 five'
540 2269 782 2344 contaminati,
820 2270 886 2332 five
911 2265 1088 2332 veritatem
1115 2283 1364 2354 cognoacentea
1396 2269 1427 2331 in

317 2293 449 2418 {bristo
477 2349 648 2427 renovati,
684 2352 749 2416 five
778 2351 815 2415 in
844 2349 990 2415 tenebris
1022 2349 1233 2436 ignorantiae
1258 2351 1296 2414 in
1321 2350 1426 2416 veteri

317 2434 457 2500 bomine
480 2434 627 2504 detenti,
657 2455 745 2498 unue
767 2449 867 2522 atque
888 2433 978 2496 idern
1003 2434 1163 2498 naturalis
1185 2455 1201 2498 a
1227 2433 1360 2532 petitus
1384 2434 1423 2498 eli

319 2515 462 2591 aliendi,
485 2531 518 2580 et
540 2519 627 2580 bene
649 2517 789 2592 effendi,
813 2532 847 2580 ct
860 2517 1100 2602 perpetualiter
1116 2457 1255 2592 ellenlr,
1280 2532 1322 2580 ut
1338 2518 1426 2582 lanc·

291 2589 296 2665 l
318 2618 374 2666 tua
394 2599 597 2687 Auguliinue
619 2599 766 2664 breviter
788 2599 1063 2685 comprehendit,
1094 2603 1191 2664 beate
1210 2600 1355 2664 vivendi
1371 2601 1427 2665 mi·

316 2684 433 2750 leriam
460 2705 501 2747 uc
522 2683 686 2769 fugiendi.
731 2685 847 2746 Motus
869 2705 1013 2770 namque
1033 2681 1256 2748 illefelicitcr
1282 2683 1425 2750 vivendi

317 2785 353 2835 ct
373 2707 581 2842 lub'lillendi,
612 2769 652 2831 ab
684 2787 724 2830 eo
757 2765 823 2854 qui
837 2767 982 2853 semper,
1021 2782 1055 2830 et
1075 2769 1179 2842 bene,
1212 2780 1246 2829 et
1268 2768 1425 2831 omnibus

316 2853 409 2917 inell.
451 2853 495 2914 Et
516 2851 539 2914 fi
561 2849 670 2914 omnic
691 2865 804 2914 motua
826 2849 986 2916 naturalia
1006 2850 1186 2914 necessario
1209 2869 1280 2912 non
1304 2852 1423 2928 delinit

315 2957 428 3001 neue
456 2933 618 3021 quiescit,
651 2937 759 3016 donec
789 2934 965 3020 perveniat
993 2937 1035 2997 ad
1064 2933 1168 2997 linem
1203 2931 1304 3030 qu'eni
1328 2935 1423 3020 petit,

316 3023 399 3107 quid
419 3019 526 3106 potell
546 3021 713 3082 humanae
733 3034 871 3081 naturae
891 3015 1107 3082 neceilarium
1120 3019 1311 3102 probibere,
1336 3039 1423 3082 com·

341 3125 470 3178 eccere,
498 3103 619 3176 listere,
655 3123 700 3166 nc
729 3104 771 3164 ad
799 3100 836 3164 id
858 3103 949 3186 quod
969 3096 1167 3169 naturaliter
1188 3098 1339 3186 appetit,
1372 3123 1425 3164 va·

314 3127 382 3252 leat
402 3185 604 3274 pervenire?
627 3186 720 3250 nulla
742 3183 832 3248 enim
854 3199 1003 3250 creatura
1025 3183 1069 3247 est
1090 3205 1175 3270 quae
1195 3185 1270 3246 vult
1289 3183 1346 3248 v'el
1371 3207 1390 3247 a
1414 3221 1424 3234 ·

313 3269 402 3358 petit
429 3267 516 3366 nibil
544 3269 624 3342 elie,
657 3267 746 3354 fugit
774 3281 887 3334 autem
921 3286 966 3330 ne
995 3265 1027 3330 ei
1044 3266 1233 3364 'contingat
1253 3287 1327 3354 nen
1349 3207 1422 3342 esspe,

313 3354 518 3502 {blatta
531 3353 611 3498 dl?
622 3353 847 3500 lmltllll
868 3353 980 3498 llll
995 3371 1157 3498 ‘'lffittft.
1176 3349 1240 3496 “ii
1259 3352 1421 3498 {altit

312 3517 712 3668 errarent
725 3513 1421 3665 ιειιιι

311 3684 423 3751 redire
443 3667 637 3762 contendit,
659 3700 699 3749 ut
718 3623 975 3750 lirnilitirdinenl²
986 3729 995 3759 ,
1019 3623 1119 3784 quanli
1141 3621 1352 3770 conlrperat,
1375 3705 1421 3748 re·

273 3823 276 3830 ,
313 3769 427 3856 cipial.
471 3767 508 3833 Si
540 3769 631 3836 enim
661 3767 751 3856 ignia
778 3767 837 3831 iste
864 3765 1000 3832 vilibilia
1022 3789 1059 3831 m
1074 3765 1193 3866 'alique
1213 3766 1352 3830 materia
1374 3789 1419 3865 ar-

273 3914 278 4009 ῖ
313 3853 632 4013 llutlallfful
655 3851 872 4084 ”Sflilltlt
895 3851 1416 4022 atttriltfftttlttssett

196 4083 199 4090 .
312 4041 379 4107 qua
399 4019 530 4086 ratione
550 4019 666 4108 ignem
685 4017 698 4084 i

278 4120 281 4139 ¹
312 4101 426 4190 ginem
435 4103 501 4168 Dei
522 4119 661 4181 creatae,
683 4099 844 4168 credibile
864 4101 903 4166 lit
924 4123 961 4165 an
982 4122 1058 4164 amre
1079 4098 1198 4165 mertia
1219 4105 1256 4164 et'
1267 4100 1417 4166 miseriae

277 4146 286 4269 l

724 4041 783 4084 um
801 4015 1050 4116 intelligibilena
1068 4015 1265 4082 substantiae
1280 4020 1323 4082 ad
1340 4015 1418 4081 ima·

312 4188 403 4273 pelle
424 4189 553 4277 [emper
564 4185 730 4290 detineri,
752 4183 847 4252 utin
861 4181 1016 4254 sublimia
1029 4181 1119 4251 vitae
1132 4181 1416 4270 beatitudinisque
