2970 4826
297 281 351 338 ‘2
463 279 754 400 teramnae.
1007 221 1158 354 “aaa

46 459 297 530 :ommutabllia
317 479 511 552 permanetr
534 479 772 552 eaper‘tamen
788 485 886 532 corto
913 461 1059 531 tibilium
1075 487 1154 534 *oe-
1246 449 1253 470 ⁸

46 569 84 612 ra
108 545 246 633 peccati
266 547 353 614 iacta
376 547 436 613 ella
458 552 550 642 quod
572 571 613 614 ex
633 547 744 614 verbio
764 548 861 614 Beati
905 571 941 614 re
965 549 1028 614 orii
1042 552 1154 631 Nylle·

46 630 76 694 ri
110 629 284 728 pollumus
313 629 506 718 approbare.
557 632 614 696 Ait
643 629 735 698 enim
768 633 805 697 in
828 573 976 719 carlituio
995 631 1153 698 vicefimo

46 716 189 798 'eptrmo
212 715 254 777 tle
275 715 441 800 imagine,
465 730 611 781 tractant
634 717 675 780 de
696 717 970 782 Resurrectionet
993 719 1095 792 „Non
1109 717 1153 782 est

48 794 246 862 neredibile
275 818 315 861 ex
343 797 586 863 communione
638 813 760 863 uatuor
780 799 986 886 generalium
1009 802 1153 864 elemen-

46 901 156 943 ¹orum
187 880 307 944 mundi
339 885 381 944 ad
413 902 475 968 pro
500 879 588 946 rium
616 819 735 946 latum
757 897 914 958 naturae,
949 887 990 948 de
1011 879 1158 970 corpore'

46 963 180 1028 tcoulto
203 978 238 1026 et
250 905 500 1050 incorruptibili
516 967 608 1052 quod
623 966 791 1052 resurget,
812 965 1062 1042 resolutionem,
1086 970 1153 1032 hoo
1240 985 1256 1024 ι

46 1047 79 1108 all
100 1043 257 1109 reditum
277 1047 522 1132 resurgentium
544 1069 722 1135 corporum
744 1048 827 1113 fieri.
879 1051 957 1114 Non
980 1049 1071 1114 enim
1091 1071 1153 1136 per

46 1128 155 1194 ‚mnia
190 1131 280 1214 quod
303 1128 449 1194 nollrum
472 1131 533 1204 est.
567 1131 603 1196 in
625 1133 717 1196 fluxu
741 1147 775 1196 et
794 1132 1149 1198 transmutationeest.

46 1212 68 1275 li
94 1210 195 1275 enim
215 1213 309 1287 estet,
333 1211 669 1300 incomprehenfibile
681 1214 912 1280 universaliter
924 1216 1036 1298 fieret3
1057 1218 1150 1304 quod
1236 1235 1240 1242 “

46 1297 173 1359 tullum
198 1293 316 1359 statum
339 1319 379 1360 ex
401 1314 519 1360 natura
541 1299 660 1372 habet,
684 1299 739 1362 led
758 1303 852 1378 'juxta
873 1299 1079 1364 subtiliorem
1100 1319 1149 1363 ra·

46 1379 171 1442 ionem
195 1398 310 1442 comm
334 1379 475 1466 quaein
493 1381 591 1445 nobie
607 1381 701 1455 lunt,
725 1385 887 1466 quaedam
928 1382 1040 1446 uidem
1053 1383 1146 1458 stant,

46 1463 207 1548 [uaedam
229 1475 310 1526 veto
333 1484 372 1526 ex
393 1463 618 1527 mutabilitate
639 1463 858 1552 proveniunt.
932 1481 1044 1528 utatur
1056 1465 1148 1532 enim

46 1567 95 1690 {9¹
117 1544 434 1693 aurgmenmsi‘smem
456 1561 490 1610 et
509 1546 950 1696 s‹liminuttionenttcortrusfil
966 1547 1173 1696 velutisvtgi,

55 1647 196 1692 rmena
248 1650 310 1693 uae
355 1651 406 1705 m,
440 1649 540 1694 cone
564 1651 682 1694 uenes
712 1647 835 1696 aetaes
861 1653 898 1695 tn
951 1647 1033 1696 tum.

46 1733 117 1775 'ero
148 1647 380 1798 perqomnenr
411 1651 614 1777 eversroriem
637 1713 939 1780 intransmutabilis
963 1714 1001 1778 in
1024 1715 1057 1780 le
1078 1713 1149 1802 ipl'a

46 1815 162 1868 orma,
197 1789 234 1855 in
270 1793 335 1858 luia
362 1793 421 1860 fibi
449 1796 549 1860 semet
574 1819 614 1860 ex
633 1813 752 1861 natura
772 1797 871 1884 lignis
891 1819 961 1862 non
986 1799 1148 1875 desistens,
1178 1859 1180 1866 Α

46 1881 87 1944 ed
111 1875 151 1940 in
178 1876 337 1956 omnibus
361 1879 542 1943 secundnm
565 1899 605 1945 co
648 1902 687 1944 us
713 1881 1049 1946 transmutationibus
1069 1903 1148 1946 cum

46 1961 100 2024 uio
124 1957 223 2023 notia
244 1959 279 2023 in
306 1959 403 2026 souis
426 1977 571 2048 apparet.
648 1965 845 2026 ubtrahatur
866 1980 976 2028 antem
999 1985 1061 2051 per
1081 1963 1148 2028 Dei

46 2047 201 2118 terbum,
233 2039 302 2140 ipa
346 2065 410 2106 une
432 2065 471 2108 ex
491 2045 637 2131 pullione
658 2045 701 2109 eil
721 2045 881 2121 mutatio,
913 2068 998 2132 quae
1019 2047 1147 2112 formae

46 2123 277 2273 lentate·
305 2065 659 2277 distruere
677 2128 1145 2276 reiteraretur

46 2293 157 2356 nitate
190 2311 252 2376 per
271 2295 412 2357 verbum
433 2292 499 2356 Dei
521 2235 773 2369 circumablai'm
793 2293 892 2360 ,ficut
913 2233 1146 2359 inqNaamano
1186 2279 1194 2290 ’

46 2379 141 2458 iyro,
176 2375 234 2438 feu
264 2375 300 2440 in
331 2375 398 2440 illie
425 2377 559 2464 leprolis
611 2375 647 2440 ui
674 2375 711 2440 in
742 2379 837 2449 Euan
862 2377 929 2442 elio
949 2393 1146 2464 narrantur;

48 2476 162 2523 terum
186 2461 318 2524 occulta
339 2460 399 2524 sub
421 2459 568 2547 pastione
588 2399 733 2558 ipeciee.
755 2481 815 2547 per
837 2401 1010 2526 finitatem
1024 2459 1060 2525 in
1077 2459 1145 2526 luia

46 2541 240 2606 rotionibus
262 2543 436 2607 relucebit.
478 2544 585 2632 igitur
601 2565 641 2622 ,ιη
663 2542 899 2609 Deilormitate
919 2543 1050 2608 animae
1071 2565 1143 2609 non

46 2626 152 2689 luxile
175 2647 238 2770 ger
258 2627 517 2692 mutabilitatem
540 2643 574 2690 et
594 2626 860 2701 transmutabile,
883 2625 940 2692 led
961 2629 1053 2714 quod
1070 2649 1144 2724 per·

46 2725 154 2772 nanet
199 2707 389 2796 utiliterque
409 2709 446 2771 in
468 2709 576 2773 nostra
597 2711 815 2774 concretione
837 2710 953 2784 habet,
982 2713 1047 2774 hoc
1068 2711 1144 2774 tnl't·
1271 2749 1281 2773 t

46 2815 110 2854 um
130 2790 207 2853 eit.”
249 2791 485 2854 Animaduerte
507 2811 607 2876 quam
630 2794 739 2867 clare,
763 2795 863 2878 quam
887 2808 999 2878 aperte
1018 2794 1143 2876 praefa-

46 2895 91 2938 :ua
127 2871 291 2954 Nyll'enua
324 2873 461 2936 astruit*
491 2875 559 2937 uod
587 2894 659 2937 non
694 2875 800 2956 solum
821 2877 927 2939 forma
949 2874 1079 2939 animae
1101 2877 1144 2940 ad

48 2955 223 3054 maginem
244 2955 309 3018 Dei
330 2957 418 3020 tacta
442 2895 501 3030 elit
522 2977 640 3036 rerum
662 2956 762 3021 etiam
776 2955 936 3021 naturalia
951 2958 1141 3023 formator·

46 3061 128 3104 rona
152 3059 238 3125 quae
257 3038 438 3124 imaginem
459 3038 591 3103 animae
613 3037 783 3114 imitatur,
822 3041 950 3136 semper
968 3039 1143 3128 incorrup·
1259 3077 1267 3088 ν

46 3123 145 3187 ibllia
168 3137 203 3185 et
222 3119 509 3188 incommutabilia
529 3137 740 3208 permanente
762 3121 923 3210 quicquid
943 3143 1023 3186 vero
1045 3139 1143 3188 natu·

46 3207 95 3270 ali
129 3225 170 3270 oo
214 3205 264 3269 ori
295 3225 333 3268 ert
364 3205 636 3270 concretionibus
659 3209 920 3278 elementorum,
954 3221 988 3270 et
1010 3205 1142 3272 animae

46 3311 74 3353 ex
97 3289 186 3352 sordi
213 3309 251 3352 ua
272 3288 551 3353 irrationabilium
573 3305 728 3353 motuum
749 3288 999 3376 superadditum
1020 3290 1080 3366 est,
1102 3289 1141 3356 in

46 3375 130 3436 luxu
151 3388 185 3437 et
207 3372 424 3458 corruptione
445 3374 572 3470 iamper
594 3372 646 3436 ell.
680 3375 722 3435 Et
743 3375 830 3449 boc,
852 3387 891 3436 ut
912 3372 959 3435 ait
974 3371 1058 3458 ipse,
1080 3375 1139 3438 iub
1249 3397 1254 3402 ·

46 3457 142 3540 ignca
164 3455 328 3521 Naamani
350 3456 442 3539 Syri.
467 3471 500 3518 et
520 3457 654 3519 allorum
679 3457 794 3520 decem
817 3477 901 3544 quoa
917 3455 1141 3544 Evangelium
1193 3505 1204 3518 ,

46 3555 236 3630 surgatoaa
258 3539 407 3640 Domino
430 3539 523 3603 tuille
546 3554 674 3612 namet,
706 3543 821 3626 pulcre
842 3539 1038 3636 inlinuatur.
1081 3541 1141 3606 tlte

46 3624 305 3781 traantur
326 3621 1140 3794 attentata”erraterrat

46 3785 179 3870 percelli
207 3804 241 3852 et
262 3790 414 3877 cooperti
436 3789 533 3852 lunt:
569 3803 608 3852 ut
628 3809 688 3874 per
708 3793 775 3854 boc
793 3788 1020 3876 intelligamus
1042 3807 1140 3855 natu·

46 3889 109 3932 :am
134 3870 275 3936 nostram
301 3893 373 3939 uon
406 3873 468 3936 elle
487 3871 653 3960 perditam
674 3875 729 3938 vel
752 3889 932 3949 mutatam,
963 3875 1021 3939 led
1040 3873 1139 3938 vitio·

46 3973 112 4014 um
136 3953 346 4022 deformitate
367 3957 602 4023 decoloratam.
655 3959 699 4020 Et
718 3953 797 4022 ride
818 3971 981 4056 quantum
1000 3955 1139 4022 incunc-

46 4049 149 4099 2anter
170 4035 241 4125 iple
261 4039 363 4121 sylus
382 4035 551 4106 humanae
569 4053 710 4105 naturae
730 4041 861 4138 gellent
875 4039 1026 4126 figuram.
1053 4041 1138 4106 Naa-

46 4139 115 4182 man
146 4117 1140 4222 nippetleooruainterpretaturt‘Synareroeoelestinsncom

46 4141 224 4292 templana
245 4205 410 4296 Nonquia
425 4223 461 4275 et
476 4207 521 4276 lic
531 4209 678 4294 bumana
692 4207 941 4276 naturaboretti
950 4227 1020 4274 oon
1030 4207 1138 4293 luper-
1192 4220 1196 4229 ’
