3038 4828
177 196 179 210 '
287 226 373 303 ,ser
465 224 468 232 ’
630 225 1082 306 commoneremus.

297 433 417 489 mane,
452 413 519 477 hoc
540 410 600 487 est,
634 409 775 478 initium
793 412 831 477 in
850 409 936 481 lucis
955 411 1158 480 conditione
1177 411 1412 498 praecederat.

295 501 391 565 Haeo
409 493 556 560 breviter
577 497 618 558 ab
640 495 713 561 aliis
734 516 813 562 acce
839 493 936 562 ‘mua
999 569 1002 578 ἡ
1110 553 1113 567 ,

230 629 233 637 .
361 588 413 656 25.
444 579 516 642 Noe
544 593 656 644 autem
676 577 804 667 primur
831 579 946 644 'ulium
966 579 1139 646 caularum
1160 575 1415 654 conditionem,

295 664 363 730 five
383 659 583 738 vifibih'um,
605 661 671 726 five
691 661 911 730 invisibilium
932 661 969 728 in
990 663 1120 728 factura
1140 661 1285 727 coelitet
1301 676 1415 726 terrae

295 745 333 810 in
359 743 550 832 principio,
579 766 760 844 earumque
787 745 824 810 in
861 745 1103 812 ¹effecttrsrsuos
1124 743 1350 832 proceffiones
1371 743 1415 808 in

213 903 218 908 ,
296 829 350 894 his
377 827 490 892 verbis
518 829 628 893 sacrae
650 829 832 916 scripturae
846 831 917 923 fiat
937 830 1014 908 luc,
1049 844 1084 894 et
1104 828 1233 916 reliqua
1253 829 1413 892 volentes

295 911 505 998 intelligere,
528 911 682 994 ¹dicimus
704 913 875 978 creatione
894 912 982 978 lucie
1004 911 1245 1000 prooeffionem
1266 911 1414 998 primor-

269 1011 273 1018 '
297 993 439 1062 dialium
462 994 633 1060 caularum
655 995 692 1060 in
714 997 790 1061 suos
812 995 951 1061 effectus
972 995 1169 1083 significari;
1190 1017 1270 1060 nam
1283 995 1308 1060 fi
1322 993 1415 1080 ipsae

294 1075 528 1166 primordiales
558 1079 671 1144 causas
696 1095 835 1166 propter
855 1079 1291 1165 incomprehensrbilitatem
1311 1092 1415 1142 natu·

296 1183 354 1228 rae
389 1162 484 1237 luae,
525 1160 803 1262 incognitamque
831 1161 927 1228 omni
954 1161 1145 1228 intellectui
1180 1159 1412 1237 altitudinem,

295 1247 510 1310 tenebrarum
531 1245 695 1332 caligine,
717 1250 786 1312 hoc
806 1247 867 1322 est,
889 1245 1080 1344 profundae
1101 1245 1314 1332 ignorantiae
1329 1247 1413 1308 den-

297 1329 392 1394 fitate
417 1327 602 1414 superfusas
623 1329 787 1416 scriptura
805 1331 984 1417 perhibet,
1019 1351 1095 1394 cum
1119 1328 1244 1393 dicitur
1266 1342 1300 1392 et
1320 1341 1414 1391 tene·

296 1413 378 1478 droa
395 1425 492 1478 erant
529 1433 609 1495 uper
628 1409 798 1514 Abyffum,
827 1413 912 1558 guid
931 1412 1054 1476 mirum
1067 1459 1076 1488 ,
1090 1413 1132 1475 ·fi
1156 1407 1337 1476 declaratio
1358 1429 1414 1474 ea·

296 1518 373 1562 rum
397 1494 435 1560 in
458 1517 475 1559 a
503 1497 633 1563 cotibus
653 1499 720 1563 [urs
741 1517 803 1583 per
850 1516 958 1560 ormas
990 1510 1024 1559 et
1043 1493 1171 1582 species
1191 1493 1278 1558 lucia
1300 1491 1415 1558 nomi·

171 1601 176 1610 ·
295 1601 342 1646 ne
361 1578 610 1666 praedicaretur
629 1603 690 1666 per
710 1583 795 1654 hoc,
822 1594 856 1642 et
879 1577 965 1643 dixit
985 1581 1078 1642 Deus
1091 1578 1164 1668 fiat
1182 1579 1263 1656 laur,
1286 1571 1414 1674 etfac-

297 1676 338 1727 tu
358 1662 406 1751 est
425 1663 504 1726 lae.-
522 1652 630 1726 veluti
652 1663 727 1750 quis
748 1660 876 1726 diceret
895 1660 1129 1747 primordiales
1151 1661 1298 1734 caulas,
1314 1682 1353 1724 sn
1375 1659 1413 1723 [e

296 1744 385 1832 iplas
415 1743 671 1830 inconspicuas,
704 1763 908 1830 omnemque
935 1743 1147 1808 intellectum
1170 1745 1413 1808 obumbrantes

295 1826 387 1910 juffit
406 1829 499 1890 Deus
520 1827 556 1890 in
579 1827 929 1913 formasperipicuas,
951 1826 1145 1922 speciesque
1163 1825 1410 1910 intelligibiles,

295 1909 531 1996 lenfibilesque
543 1907 743 1984 vifibibuus,
768 1926 803 1973 et
816 1905 1035 1972 invifibilrum
1050 1907 1205 1994 prodiret
1227 1928 1300 1974 non
1315 1905 1411 1974 enim

297 1995 387 2060 lolue
416 1997 528 2069 Deus,
560 1992 784 2058 verumetiam
817 1990 971 2056 omnium
990 2013 1103 2056 rerum
1125 1990 1296 2089 principia
1316 2007 1412 2055 tene-

295 2079 431 2144 brarum
457 2077 644 2152 vocabulo,
679 2075 759 2140 teste
778 2078 813 2140 S.
835 2070 999 2165 Dionysto
1023 2076 1107 2140 [olet
1126 2095 1164 2138 tn
1188 2071 1332 2160 eloquiis
1354 2097 1371 2138 a
1399 2111 1411 2124 ·

294 2158 579 2262 pellariupropter
599 2157 971 2258 incomprehenfibilcm
991 2157 1215 2222 infinitatemr
1243 2179 1347 2246 proce
1387 2178 1408 2223 o

181 2283 190 2290 -
294 2265 377 2310 vero
401 2263 554 2328 eluslper
573 2264 742 2328 principia
762 2265 799 2305 ιιι
824 2257 990 2306 creaturae
1011 2241 1173 2317 vifibiles,
1203 2256 1237 2305 et
1257 2237 1410 2305 invifibi»

295 2329 345 2392 lea
367 2328 440 2390 snas
462 2325 538 2388 dico
561 2319 982 2410 Theophanias'claritatis
1006 2325 1146 2390 nomine
1167 2324 1292 2389 meruit
1308 2323 1407 2412 figni-

295 2407 405 2476 ficari:
435 2407 472 2472 in
493 2407 570 2493 ipfis
592 2407 684 2472 enim
708 2409 855 2494 quodam
875 2411 978 2472 modo
1000 2408 1128 2496 patitur
1147 2406 1312 2494 intelligi,
1346 2406 1406 2495 qui

296 2513 434 2558 omnem
459 2489 593 2576 superat
618 2489 849 2565 intellectum3
871 2491 943 2583 fiat
964 2512 999 2554 er
1023 2513 1043 2558 o
1065 2497 1144 2558 Lux
1164 2491 1278 2578 inquit
1294 2495 1405 2564 Deus,

293 2577 362 2640 hoc
384 2573 446 2650 est,
468 2574 654 2664 procedant
674 2571 904 2658 primordiales
927 2515 1043 2640 cange
1066 2599 1105 2640 ex
1124 2575 1405 2672 incomprehenfi·
1499 2659 1500 2662 Ἴ

295 2657 423 2724 bilibus
450 2672 590 2721 naturae
618 2657 696 2720 luae
724 2655 857 2721 secretis
878 2657 916 2721 in
936 2657 1061 2724 formae
1093 2675 1126 2723 et
1156 2658 1282 2744 spectes
1316 2678 1406 2724 com·

320 2739 544 2815 rebeniibiles,
556 2738 852 2826 intellectibusque
873 2741 1178 2829 contemplantium
1199 2743 1242 2817 le,
1264 2741 1406 2806 manife-

294 2765 365 2892 ias.
408 2829 458 2890 Ει
466 2816 575 2915 farta
595 2821 643 2915 esl
662 2825 740 2896 lim.
761 2827 837 2888 Deo
858 2823 1021 2890 videlicet
1040 2827 1195 2900 volente,
1218 2839 1253 2888 et
1268 2823 1405 2890 dicente

294 2907 480 2976 obscuritas
501 2905 769 2994 primordialium
791 2908 962 2972 caularum
982 2909 1020 2972 in
1048 2909 1170 2974 formas
1203 2927 1241 2972 ac
1277 2908 1295 2971 s
1317 2907 1404 2973 ecies

292 2989 449 3081 precellit
470 3007 593 3077 aperta.
634 2995 682 3056 Et
702 2987 820 3077 divifit
842 2994 940 3056 Deus
961 3015 983 3054 a
1002 2993 1163 3069 tenebris,
1186 2993 1253 3056 hoc
1272 2931 1333 3068 ei,
1357 2991 1403 3054 ie·
1499 3045 1500 3050 ,

293 3074 446 3166 gregavit
473 3073 636 3150 notitiam
661 3073 842 3140 effectuum
869 3077 909 3139 ab
933 3075 1137 3141 obscuritate
1158 3077 1292 3139 suarum
1309 3073 1404 3173 prin·

294 3158 456 3246 cipaliurn
474 3159 656 3222 caularum.
678 3157 805 3222 Divisio
818 3157 1276 3244 quippelucisatenebriaest
1283 3159 1404 3222 discre-

293 3241 345 3308 tio
360 3251 476 3306 rerum'
486 3235 677 3328 performat
689 3258 722 3304 ct
732 3239 858 3327 species
869 3242 1102 3328 apparentium
1112 3239 1315 3339 aprincipiie
1324 3239 1401 3314 suis,

291 3325 330 3390 in
361 3324 482 3412 quibue
515 3344 651 3388 omnem
684 3325 842 3409 lupe'rant
867 3327 1098 3402 Intellectum,
1132 3329 1279 3410 ideoque
1308 3345 1401 3412 prae·

293 3407 398 3482 dixit,
422 3420 456 3470 et
475 3408 567 3470 cidit
585 3409 683 3471 Deus
703 3409 822 3480 lucem,
845 3413 925 3494 quia
946 3407 1026 3504 effer
1043 3411 1142 3484 hona,
1167 3411 1235 3472 hoc
1250 3407 1312 3483 est,
1357 3409 1403 3470 la·

292 3489 366 3556 cuit
386 3494 481 3564 Deo,
520 3489 698 3576 originales
720 3491 831 3556 causas
853 3508 932 3556 ante
953 3517 1088 3559 omnem
1111 3507 1297 3557 creaturam
1355 3505 1403 3556 tra

293 3595 430 3639 omnem
456 3571 668 3641 intellectum
690 3574 862 3650 conditas,
892 3575 1120 3642 intellectibus
1142 3576 1209 3640 five
1230 3573 1400 3650 humanis,

290 3657 357 3722 five
378 3654 538 3744 angelicis
559 3659 636 3722 luce
657 3661 802 3743 quadam
824 3657 1069 3747 intelligentiae
1090 3659 1276 3746 superfusas
1294 3655 1400 3724 mani·

291 3739 415 3816 iestari,
437 3741 684 3828 appellavitque
703 3743 806 3805 lucem
826 3743 930 3816 diem,
953 3759 987 3808 et
1007 3746 1158 3808 tenebras
1174 3757 1311 3817 noctem,
1334 3743 1401 3806 hoc

241 3835 246 3886 “.
293 3821 354 3897 est,
377 3825 685 3909 contemplantibus
707 3825 827 3892 animis
848 3825 1010 3912 praellitit
1029 3825 1331 3894 manifestationem
1353 3823 1402 3888 vi·

291 3905 454 3984 sibilium,
491 3923 526 3971 et
560 3907 778 3974 invisibilium
797 3931 869 4007 'pe-r
890 3911 1013 3976 formas
1035 3927 1069 3976 et
1089 3908 1215 3998 specics
1237 3905 1328 3975 diem
1349 3930 1403 3995 ap·

290 3991 433 4078 pellere,
456 4009 573 4057 eorum
594 4011 676 4056 vero
700 3991 737 4058 in
753 3993 932 4081 prrncrpiis
946 3994 1013 4058 luis
1027 3989 1398 4078 incomprebenfibilem

292 4073 527 4150 altitudinem,
551 4074 712 4163 omnique
734 4077 873 4144 condito
897 4075 1086 4145 intellectui
1106 4076 1319 4166 incognitam
1339 4096 1398 4140 vo·

293 4179 370 4226 care
390 4171 545 4237 nectem3
569 4152 760 4250 factumque
780 4159 829 4254 est
852 4155 1014 4258 Vespere.
1034 4175 1176 4246 etnam
1195 4163 1287 4229 Dias
1301 4181 1404 4228 unare
