3048 4856
528 239 817 316 uanum
1148 241 1231 320 ηρ

98 427 273 502 ‚sunctum
302 427 336 496 se
395 445 432 494 er
459 424 523 496 else
549 427 705 494 mansura
731 449 805 498 nori
830 423 1001 502 dubitant.
1041 425 1105 496 tiu
1125 443 1249 518 atqua.

110 509 310 592 huiuamodi
344 512 377 578 sa
391 511 435 576 sit
465 508 687 597 opinionibur
714 525 883 579 conantur
913 509 1052 578 asserere
1079 532 1229 600 eaquae
1315 525 1319 532 “

112 617 185 662 non
207 609 305 660 erant
325 609 360 663 et
379 593 629 664 inchoaverunt
648 594 731 671 else,
755 611 790 662 et
810 594 1072 665 fretinniunt
1092 609 1228 676 aeterna

84 685 92 696 “
115 678 187 746 dici
211 679 324 766 posse,
358 675 437 765 quia
460 677 590 765 semper
608 676 646 743 in
669 681 789 746 eodem
809 678 894 744 slatu
913 675 951 742 iu
974 695 1044 765 qu'o
1064 694 1230 768 tempora·

112 762 191 828 liter
210 775 321 828 creata
343 760 422 828 sunt
442 761 572 850 semper
591 764 796 838 manebunt,
823 761 963 851 etquae'
993 761 1228 852 iincipionon

112 859 230 912 carent
259 845 330 910 fine
360 851 473 910 carere
501 843 723 912 arbitrantur:
757 845 806 910 ita
835 861 876 912 ut
895 860 932 912 et
970 861 1043 912 acta
1063 846 1230 935 [iniquia

109 929 177 996 else
197 927 465 1006 inchoaverunt,
488 943 523 994 et
543 944 677 996 aeterua
692 928 772 1028 quin
788 950 860 996 non
876 931 1028 998 detinent
1040 931 1227 1010 subsisteret

105 1027 334 1078 veruntamen
363 1034 476 1098 neque
504 1013 626 1078 talibus
649 1012 871 1100 opinionibus
915 1035 974 1079 uae
995 1033 1075 1081 vera
1096 1015 1229 1084 deridet

104 1095 198 1162 ratio
227 1111 261 1162 te
292 1095 444 1164 assentire
475 1095 691 1174 aestimarim,
725 1119 838 1184 neque
868 1035 971 1184 teiam
992 1095 1228 1165 aeternitatem

105 1182 168 1244 vel
191 1195 232 1243 ut
252 1177 364 1243 reriua
388 1179 497 1245 dicam
518 1179 835 1246 semiaeternitatem
849 1181 1031 1269 praedictis
1044 1181 1113 1248 tuit
1125 1181 1228 1258 ratio·

104 1261 214 1328 nibua
235 1262 377 1338 suasisse,
399 1283 511 1349 neque
531 1263 576 1328 lic
598 1277 634 1326 et
652 1264 741 1329 sacta
755 1265 851 1330 simul
868 1281 902 1330 et
915 1281 1051 1331 aeterua
1067 1266 1226 1344 docuisse,

103 1347 169 1412 sed
199 1344 312 1410 altiori
342 1361 538 1411 naturarum
559 1345 719 1413 contuitu
738 1349 827 1414 ultra
847 1351 1012 1414 humanae
1033 1349 1226 1436 opinionea,

102 1431 213 1494 modo
236 1431 386 1518 quodam
407 1433 518 1495 adbuc
537 1427 637 1495 nobie
659 1429 855 1519 incognito,
879 1430 1077 1498 divinorum
1091 1451 1228 1503 arcano·

104 1535 186 1578 rum
208 1515 308 1594 adyta
329 1527 505 1598 penetrare
527 1528 561 1576 te
582 1512 708 1591 sentio,
731 1515 868 1603 vestigia
888 1531 1044 1602 patrum,
1066 1515 1125 1604 qni
1147 1516 1228 1584 talia

102 1595 247 1662 scrutati
266 1595 366 1671 sunt,
388 1595 491 1662 altiur
512 1594 694 1684 sequendo.
799 1666 804 1674 ,
935 1669 938 1674 ,
1133 1643 1138 1653 ,
1199 1641 1212 1674 ,·

164 1697 225 1744 uo.
244 1680 293 1744 M.
318 1677 424 1747 Aiunt
447 1677 539 1748 enim
560 1695 715 1754 naturam
730 1685 831 1762 hujua
850 1679 972 1760 mundi
989 1681 1120 1769 semper
1134 1703 1228 1750 mani

106 1758 222 1826 suram
243 1759 322 1848 quia
342 1760 542 1850 incorporea
562 1763 608 1826 est
630 1781 665 1828 et
681 1764 969 1846 incorruptibilia,
993 1781 1226 1830 caetera-vero

107 1844 234 1934 quibua
266 1845 394 1910 constat
420 1844 587 1932 peritura,
623 1847 691 1908 boc
718 1845 777 1918 est,
812 1864 915 1908 omne
943 1848 1036 1930 quod
1055 1843 1094 1909 in
1116 1867 1158 1910 eo
1180 1843 1227 1910 esi

105 1927 350 2015 compositum,
385 1943 420 1992 et
449 1927 528 2014 quia
549 1926 586 1992 iu
610 1946 651 1992 eo
673 1927 808 1990 nullum
829 1945 951 2012 corpus
974 1927 1019 1990 est
1039 1929 1133 2012 quod
1152 1948 1225 1996 nou

105 2014 150 2078 sit
179 2011 422 2098 compositum,
454 2025 489 2072 et
518 2029 620 2072 omne
650 2009 872 2094 compositum
893 2009 1043 2072 solvetur
1063 2007 1101 2072 in
1124 2029 1164 2076 ca
1185 2028 1227 2078 ex

103 2093 231 2183 quibua
252 2091 489 2179 componitur,
513 2103 605 2154 totus
625 2087 731 2177 igitur
752 2091 902 2156 mundus
918 2089 982 2162 ,iste
998 2089 1139 2157 visibilia
1154 2111 1226 2158 cor·

132 2197 230 2244 oreua
256 2176 462 2262 compositus
494 2171 640 2237 solvetur
662 2173 730 2238 sola
749 2171 892 2259 simplici
912 2187 1225 2260 naturumanentq

102 2203 149 2329 i).
188 2259 288 2326 Falfie
309 2255 629 2326 ratiocinationibus
650 2259 875 2322 humanarum
896 2255 1102 2342 opinionum
1121 2259 1226 2348 longe

104 2369 127 2412 a
141 2345 298 2411 ueritate
328 2339 521 2408 distantium
543 2339 714 2425 quondam
736 2362 792 2404 me
814 2341 994 2426 deceptum
1016 2341 1226 2430 elle‘negare

102 2435 178 2496 uon
206 2428 355 2516 possum,
386 2423 650 2514 quiaideceptua
672 2425 762 2500 sum;
794 2421 848 2490 bia
871 2421 1145 2506 enimomuibua
1165 2440 1226 2490 aut

131 2534 196 2580 eue
228 2509 388 2576 omuibus
412 2507 508 2572 rudia
537 2509 606 2586 jam
627 2507 788 2572 assensum
810 2506 950 2594 praebui
974 2505 1226 2606 quadamfimi·

102 2537 255 2663 iitudine
276 2593 348 2658 veri
368 2585 627 2677 barnalibuaque
650 2591 815 2667 sensibus,
837 2606 878 2654 ut
896 2591 1153 2668 multiaevenit,
1176 2591 1225 2656 se·

105 2685 252 2754 ductum
277 2695 373 2742 nunc
392 2695 474 2740 vero
496 2673 663 2738 sacrorum

102 2764 182 2830 vini
210 2759 351 2827 luminii
378 2758 474 2824 radio
506 2760 547 2822 ab
577 2699 744 2823 erroriiue
770 2756 856 2823 meia
878 2773 914 2822 et
933 2756 1078 2824 aliorum
1098 2779 1154 2823 me
1174 2779 1227 2822 re-

104 2861 268 2922 vocante,
299 2843 407 2930 inque
431 2840 524 2906 viam
552 2855 680 2904 rectam
707 2845 868 2916 ducente,
901 2843 1079 2937 paululum
1101 2842 1226 2927 pedem

106 2931 255 2997 retraho.
295 2925 424 2992 Divina
455 2922 617 3010 liquidem
644 2922 825 2990 clementia
845 2939 1023 2998 veritatem
1043 2923 1101 3010 pie
1123 2939 1226 3010 atque

105 3011 282 3080 humiliter
302 3024 502 3098 quaerentes
523 3005 560 3070 in
585 3007 733 3072 tenebris
754 3005 968 3104 ignorantiae
988 3027 1060 3072 nori
1081 3005 1161 3072 sinit
1176 3027 1226 3070 er·
1327 3025 1329 3032 ·

103 3119 199 3172 rare,
231 3094 269 3160 iu
291 3116 337 3160 ue
364 3093 482 3158 foveae
511 3090 667 3156 salsarum
692 3088 898 3178 opinionum
918 3091 1038 3154 cadere
1060 3088 1153 3154 etin
1175 3087 1225 3159 eia

103 3179 229 3270 perire.
305 3179 373 3242 ulla
403 3175 496 3240 enim
524 3177 621 3261 pejor
644 3195 742 3242 more
765 3157 930 3258 culquam
951 3171 1103 3238 veritatis
1126 3171 1225 3259 iguo·

105 3263 237 3338 rantia,
268 3263 363 3326 nulla
383 3279 509 3346 vorago
529 3257 732 3344 profundior
754 3277 855 3356 quam
875 3255 954 3321 salsa
974 3277 1037 3342 pro
1056 3253 1146 3320 veria
1169 3278 1186 3318 a
1262 3307 1264 3315 .

105 3350 266 3436 probare,
288 3346 381 3431 quod
402 3339 579 3440 proprium
600 3342 644 3406 est
665 3359 804 3416 erroria;
827 3360 868 3404 ex
887 3338 945 3410 hia,
963 3336 1056 3404 enim
1080 3279 1225 3424 turpili-

104 3453 162 3496 ma
196 3445 234 3496 et
265 3425 505 3494 abominabilia
533 3425 678 3490 monstra
704 3424 743 3489 in
769 3423 929 3488 humanit
955 3420 1225 3508 cogitationibus

104 3514 154 3580 sin
182 3511 190 3528 '
212 3511 338 3587 solent,
384 3531 443 3574 uae
465 3511 547 3574 dum
569 3506 711 3574 carnalia
732 3506 846 3572 anima
864 3505 974 3572 veluti
986 3526 1068 3572 vera
1083 3520 1119 3570 et
1133 3521 1225 3572 amat

106 3612 143 3662 et
176 3594 331 3683 equitur,
361 3531 497 3658 dorsum
516 3611 598 3660 vero
621 3587 985 3668 convertenaslumini,
1019 3591 1224 3676 umbraeque

102 3679 246 3767 fugaces
274 3675 562 3778 comprehendere
583 3677 720 3751 volent,
750 3687 786 3739 et
805 3694 878 3738 nou
898 3675 1031 3749 valane,
1067 3671 1107 3738 in
1130 3675 1224 3738 bara·

100 3765 223 3830 tlirum
246 3760 380 3828 misena
429 3757 607 3825 consuerit
633 3778 742 3824 ruere.
784 3755 888 3824 Hinc.
906 3755 1031 3824 assidue
1060 3757 1223 3825 debemua

101 3865 203 3913 orare
223 3867 264 3912 ac
286 3844 416 3921 dicere,
449 3847 544 3908 Deua
564 3841 673 3908 nostra
692 3843 779 3910 salua
801 3857 903 3928 atque
922 3837 1132 3927 redemptio,
1162 3839 1223 3927 qui
1263 3859 1266 3865 ’

103 3927 226 3996 dedisti
238 3945 405 4006 naturam,
427 3915 549 4016 la'rgire
563 3942 598 3990 et
649 3924 769 4001 atiam;
791 3927 975 4012 praetende
989 3925 1106 3989 lumen
1124 3939 1223 3988 tuum

101 4013 145 4080 in
175 4011 305 4080 umbria
331 4011 345 4076 i
395 4009 546 4078 orantiae
572 4008 790 4098 papantibua
819 4007 1125 4097 quaerentibusque
1157 4009 1221 4082 Te,
1251 4074 1253 4083 ,

101 4118 230 4166 revoca
249 4117 314 4164 noe
335 4118 354 4162 a
398 4091 585 4172 erroribus,
612 4091 749 4192 porrige
771 4094 941 4160 dexteram
962 4107 1056 4156 tuam
1077 4087 1222 4186 infirmia

102 4202 179 4250 nott
209 4178 407 4250 valentibut
427 4178 498 4246 sine
518 4191 554 4246 te
576 4197 756 4267 pervenire
778 4179 821 4243 ad
843 4180 912 4254 Te,
942 4175 1077 4242 ostende
1099 4175 1150 4238 Te
1171 4193 1221 4258 rp-

739 4293 778 4365 14
940 4294 947 4325 ¹

710 2691 819 2741 atrum
839 2673 977 2760 vestigia
998 2676 1151 2766 sequena,
1175 2675 1224 2742 di·
1255 2710 1261 2719 ·
1353 2701 1360 2708 ·
