3048 4856
308 235 390 310 ero
582 215 588 224 '
651 236 706 308 oe
724 236 912 348 namne
927 235 1103 318 onon.

308 423 333 488 fi
355 441 424 488 non
445 417 540 506 priua
565 432 682 486 comm
703 421 926 490 lubfistentire
947 423 1139 491 occrfioner
1152 421 1346 522 praeliaretr
1372 422 1435 488 So·

252 520 255 531 “
309 507 376 572 lem
398 526 492 569 nunc
514 504 591 570 dico
613 505 718 592 ipsam
739 505 1311 594 incomprehenfibilemrrrtutem,
1342 527 1436 592 quae

309 587 513 654 diffunditur
535 611 596 674 per
612 604 722 654 totum
737 587 1007 658 huncvifibiletn
1020 592 1205 668 mundum,
1229 611 1315 676 quae
1327 610 1436 676 prop-

307 688 397 820 n:
410 671 813 844 irretierint:
835 673 1438 833 trtztentnntna
1503 674 1504 690 ψ

309 839 801 988 tt‘ttl‘itltltttn‘t
819 841 1439 1002 ,itltltttiiffiittttt‘t

310 1021 441 1072 caetera
469 1025 549 1071 vero
582 1005 697 1072 omnia
719 1027 758 1081 co
803 1028 889 1084 ora„
935 1029 999 1073 uae
1019 1023 1207 1074 nascuntur
1227 1007 1263 1072 in
1287 1010 1436 1082 mundo,

305 1105 341 1154 et
369 1087 588 1165 nutriuntur,
622 1091 755 1156 occulte
856 1089 886 1154 ie
913 1029 982 1155 iuis
1006 1089 1262 1190 operationibus
1288 1089 1437 1156 admini-

307 1173 399 1238 strat:
431 1189 465 1238 et
497 1173 537 1238 fit
563 1171 690 1258 ubique
712 1188 827 1265 totue,
858 1187 894 1238 et
915 1175 957 1237 de
978 1174 1011 1237 ie
1034 1175 1127 1260 ipio,
1159 1173 1196 1238 in
1218 1173 1360 1262 seipso,
1392 1173 1434 1238 in

305 1255 464 1324 omnibue
487 1257 595 1324 iactus
618 1277 808 1343 erumpent.
858 1259 898 1320 ln
938 1257 1054 1322 omnia
1083 1256 1276 1332 vilibiliter,
1312 1258 1436 1323 conlu-

308 1363 404 1406 mano
433 1339 563 1414 omnia,
593 1338 635 1404 in
669 1340 701 1404 le
722 1340 833 1426 ipsum
854 1338 1085 1404 invisibiliter:
1115 1339 1198 1404 hinc
1219 1363 1290 1406 non
1312 1341 1435 1406 imme·

305 1424 375 1490 rito
399 1423 484 1508 dicit
505 1422 684 1510 scriptura,
706 1445 828 1509 gyrans
846 1425 997 1521 gyrardo
1018 1426 1119 1488 vadit
1141 1427 1305 1506 Spiritus,
1340 1439 1375 1490 ec
1397 1429 1435 1488 irr
1505 1453 1506 1470 ¹

309 1509 412 1574 ionem
424 1503 522 1601 suurn
545 1514 734 1574 revertitur.
769 1506 917 1594 Spintuo
939 1506 1031 1573 enim
1054 1508 1190 1606 igneus,
1214 1507 1336 1572 eximia
1351 1509 1434 1580 suae

308 1609 448 1689 natrprae
472 1590 657 1690 suptilitate
677 1591 790 1689 lullrpt
811 1589 943 1666 omnia,
966 1606 1001 1689 et
1020 1589 1059 1656 fit
1076 1615 1112 1658 ιη
1127 1591 1287 1689 ornnibup
1301 1591 1432 1690 orppia,

305 1674 825 1844 tt„:ttlt„iltt,‚‘tt⁶tl²g²t
833 1675 1434 1852 ’et¹²÷⁰3¹23{,⁰r⁰t¹tt¹2‘2t¹¹}llt‡t¹t

307 1840 514 1926 appellatur,
538 1841 604 1904 hoo
628 1840 672 1900 est
688 1856 880 1902 revertens:
901 1841 1044 1901 lustrans
1065 1839 1228 1924 fiquidcm
1251 1841 1427 1918 omnibus,

306 1939 344 1988 ct
364 1921 554 1995 visibiliter,
587 1935 622 1984 et
642 1919 857 1986 invifibiliter
876 1918 1060 1984 mundanis
1082 1921 1300 2010 corporibus,
1335 1923 1372 1988 in
1396 1926 1434 1989 ie

306 2006 417 2092 iprum
438 2003 543 2081 redit,
567 2017 602 2067 ct
623 2001 660 2068 in
683 2004 717 2070 ie
738 2003 849 2090 ipsum
870 2002 985 2068 omnia
1006 2020 1164 2090 revocat,
1188 2027 1274 2092 quae
1296 2007 1431 2094 abipso

332 2087 515 2174 rincipium
539 2085 768 2174 generationis
791 2087 868 2150 luae
885 2085 1071 2172 rccipiunt,
1094 2110 1188 2154 nunc
1204 2088 1305 2154 etiam
1320 2091 1433 2156 lancti

226 2229 229 2234 .
387 2171 479 2258 ologi
511 2169 816 2256 rupereoenrialem
846 2169 1027 2245 Divinam,
1062 2186 1097 2234 et
1124 2171 1306 2239 informem
1328 2175 1433 2241 ellen-

309 2255 417 2331 tiam,
449 2254 559 2318 nteit
580 2254 614 2316 S.
639 2253 819 2337 Dionylluo
841 2253 878 2318 in
899 2253 980 2340 igne
1001 2253 1054 2318 see
1112 2255 1328 2333 'describant,
1358 2273 1434 2324 tan·

304 2361 411 2492 lippari}
431 2339 578 2404 habente
597 2337 722 2404 multer
744 2335 905 2412 divinae,
927 2335 1023 2402 iriae
1069 2336 1176 2417 icere,
1199 2340 1430 2430 proprietatio,
1508 2423 1509 2426 Ἴ

357 2443 512 2518 aginae..
830 2501 839 2519 ο
1116 2502 1125 2520 .
1154 2502 1162 2521 .

305 2527 424 2656 „itii
445 2503 1429 2684 illttgttttltttlitlltflll’itiitfztftt

305 2671 679 2758 incomprehensibilem
714 2669 862 2734 Divinae
901 2686 1062 2746 naturae,
1098 2671 1429 2762 inacceffibilemque

306 2755 495 2824 claritatem
517 2753 676 2819 omnibus
697 2751 927 2820 intellectibus
948 2754 1016 2820 five
1037 2755 1214 2834 humanis,
1236 2759 1302 2822 five
1318 2763 1429 2848 Ange·

303 2841 381 2924 licie
412 2837 645 2928 incognitam,
681 2836 976 2924 (superessentialia
998 2837 1043 2902 est
1067 2839 1183 2917 enim,
1215 2855 1250 2906 et
1269 2842 1429 2929 superne·

306 2923 437 3000 toralia)
461 2944 502 3011 eo
524 2921 665 2990 nomine
687 2919 907 3008 fignificptam
928 2921 1149 2998 crediderim,
1166 2927 1351 3011 quaedum
1365 2949 1428 3012 per

304 3009 339 3076 ie
372 3008 478 3096 ipsam
500 3006 687 3106 cogitetur,
720 3026 832 3092 neque
854 3004 919 3079 eil,
943 3025 1062 3091 neque
1083 3022 1174 3084 erat,
1207 3030 1319 3095 neque
1340 3009 1428 3094 erit;

303 3096 344 3160 ln
377 3094 472 3158 nullo
494 3113 586 3156 enim
606 3085 811 3178 intelligitur
833 3087 1062 3168 existentium,
1096 3088 1177 3176 quia
1197 3091 1331 3178 superat
1353 3113 1425 3158 om·

303 3175 380 3252 nia;
407 3169 485 3242 curi
505 3196 586 3238 vero
607 3195 670 3260 per
691 3171 1006 3238 condescenfionem
1029 3177 1200 3272 quandam
1215 3174 1424 3242 ineffabilem

210 3284 213 3313 ι
303 3259 341 3326 in
374 3281 412 3324 ea
443 3279 530 3344 quac
560 3257 657 3332 lunt,
691 3253 809 3320 multia
830 3255 1008 3321 obtutibus
1030 3255 1231 3343 inspicitur,
1263 3257 1334 3345 ipse
1355 3259 1427 3324 iolr

305 3340 482 3412 invenitor
500 3340 538 3406 in
560 3339 718 3406 omnibus
741 3339 824 3416 elie,
861 3354 896 3403 et
917 3338 980 3416 est,
1004 3354 1039 3404 et
1060 3355 1149 3416 erat,
1172 3355 1208 3405 et
1229 3343 1310 3426 erit3
1341 3344 1425 3409 dum

303 3421 1094 3575 irtm⁵tttmfflttll³ltlltllss⁵‘ltatt*
1108 3425 1348 3574 iiiiii
1364 3425 1425 3576 ἒξ·

302 3591 385 3672 niis,
401 3589 572 3678 incipiene
593 3610 770 3678 apparere,
802 3587 911 3654 veluti
932 3610 973 3654 ex
993 3587 1104 3656 nihilo
1125 3589 1271 3677 aliquid,
1296 3533 1425 3658 diiitur

301 3677 504 3764 procedere,
527 3689 562 3740 ct
582 3695 668 3763 quae
689 3671 826 3773 proprie
846 3673 945 3772 supra
964 3691 1104 3740 omnem
1124 3673 1297 3740 effentiam
1317 3676 1424 3742 existi·

301 3775 433 3836 matur,
457 3757 594 3847 proprie
633 3779 745 3847 noque
757 3779 795 3822 rn
809 3773 906 3822 omni
923 3755 1059 3822 ellantia
1073 3757 1303 3846 cognoscitur,
1325 3759 1420 3828 ideo·

302 3842 509 3930 quaomnia
530 3781 690 3920 vitellis,
723 3855 758 3906 et
779 3838 956 3906 invifibilie
977 3857 1128 3908 creatura
1148 3841 1374 3929 Theophanie
1395 3844 1419 3910 i.

304 3947 336 3992 c.
357 3924 473 3992 divine
495 3924 660 4014 apparitio
681 3925 790 4012 potest
811 3945 852 4008 ap
879 3922 993 4009 ellari3
1015 3924 1127 3997 omnir
1148 3925 1312 4016 liquidem
1334 3930 1420 3994 ordo

301 4025 499 4078 naturarum
521 4032 541 4076 a
560 4011 691 4078 [ummo
712 4031 821 4097 neque
866 4009 1016 4084 eorlom,
1038 4011 1106 4074 hoc
1127 4009 1191 4086 eil,
1216 4031 1257 4074 ex
1277 4011 1420 4077 caelesti·

300 4095 365 4161 bur
388 4092 552 4170 clientiie,
572 4113 681 4182 neque
701 4095 745 4160 ad
764 4107 911 4160 extrema
930 4090 1053 4160 mundi
1077 4095 1180 4174 hujus
1200 4093 1357 4170 visibilia,
1380 4094 1420 4160 in

302 4193 469 4266 qnantum
487 4179 643 4252 oecon·
662 4175 887 4268 intelligitur,
908 4175 946 4246 in
967 4191 1101 4250 tantum
1120 4175 1257 4248 divinae
1273 4177 1421 4248 claritati
