3036 4862
532 217 640 290 triber
661 219 827 304 Quarten-
1147 221 1226 296 369

105 419 245 480 catum,
278 407 345 484 ittn
375 398 425 468 ibi
450 368 554 470 fuerit
582 406 648 470 tale
677 413 873 492 peccatum,
910 418 950 470 ut
976 407 1043 471 boc
1065 407 1106 472 de
1126 406 1222 494 ligno

106 487 340 562 admitterent,
375 487 468 572 qnod
500 490 542 554 de
564 488 705 554 muliere
725 491 819 554 Deua
842 487 901 554 eit.
944 487 980 553 Si
1004 487 1078 576 quia
1099 489 1224 554 viderit

105 570 286 638 mulierem
307 572 350 634 ad
371 570 683 669 concupiacendum
706 592 798 646 eam,
819 575 886 651 inm
907 573 1102 644 moechatur
1124 572 1221 638 estin

106 657 213 724 corde
234 654 305 720 suo.
341 652 463 740 'Quam
482 654 589 741 igitur
609 653 724 720 feiicea
747 670 841 720 erant
864 653 966 742 primi
986 655 1164 732 hominea,
1188 671 1223 720 et

106 736 251 806 nullior
278 735 446 802 'tabantur
465 737 776 824 perturbationibus
798 735 1005 812 animorum,
1028 739 1130 804 n'ullia
1147 759 1219 804 cor-

106 841 230 972 ppprnprr
247 818 717 968 ,⁸{d⁶b⁸⁰²u¹5i”⁶⁰m·ff·⁰di⁸
724 843 737 968 ¹:
760 837 828 886 tam
849 821 930 969 felipir
946 821 1099 968 upiveria
1116 821 1219 966 foede·

181 925 243 968 ee
303 923 427 968 umana
510 925 815 979 necrrmaum,
861 925 905 968 uo
952 927 1104 969 eramrn
1142 925 1221 970 oe-

105 1009 162 1054 roe
185 984 396 1065 trajicerent,
418 947 484 1052 tiec
528 985 682 1076 uinquam
704 1009 744 1052 ex
759 926 875 1054 euroin
894 986 991 1076 stirpe
1004 929 1222 1076 iniquidateru
1247 980 1269 1002 '¹

105 1067 352 1146 committeret,
411 1089 474 1132 uae
505 1007 758 1136 damnationem
791 1070 966 1157 reciperet.
1019 1073 1129 1158 Atque
1161 1069 1221 1136 ista

107 1166 330 1243 permanente
366 1089 547 1250 fdicittte,
592 1157 702 1220 donec
738 1176 798 1252 per
825 1153 917 1218 illam
945 1153 1221 1234 benedictionem

105 1259 174 1325 qua
196 1235 327 1303 dictum
348 1234 412 1310 ett,
434 1251 575 1300 creecrte
596 1253 630 1301 et
649 1235 941 1324 multiplicamini,
963 1236 1221 1324 praedestinato·

104 1343 181 1388 rum
203 1321 395 1384 sanctornm
416 1339 578 1384 numerus
600 1321 844 1407 compleretur,
868 1319 931 1386 alia
952 1325 1058 1401 major
1074 1323 1219 1397 daretur,

104 1425 194 1503 qnae
212 1399 405 1467 beatiffimia
421 1401 551 1489 angelis
568 1405 650 1500 ‚data
672 1404 732 1469 est:
753 1403 812 1504 nbi
833 1407 900 1484 iant
922 1405 1000 1468 effet
1021 1419 1110 1502 certa
1128 1404 1220 1467 iecu-

104 1501 695 1636 tfflnt²⁰2t²tffl3t²titztstt
720 1499 959 1656 'fitt'tt‘ttffi
980 1501 1220 1644 ,ttrite

105 1651 210 1727 laria,
243 1651 362 1718 mortio
395 1650 681 1737 experimentum,
711 1652 818 1740 qualia
849 1653 913 1718 erit
940 1653 1012 1740 post
1040 1655 1124 1717 haec
1150 1673 1221 1717 om·

103 1733 165 1802 nia
202 1733 241 1799 in
282 1732 418 1800 ineonn
447 1732 540 1800 tione
578 1757 757 1824 corporum
800 1736 931 1800 reddita
975 1733 1220 1800 resurrectione

104 1831 328 1884 mortuorum.
395 1757 488 1882 Idem
528 1816 566 1882 in
607 1823 726 1886 eodem
765 1817 924 1884 vicestmo
960 1819 1052 1884 sexto
1091 1817 1243 1904 capitu,

104 1903 154 1968 lo.
187 1900 328 1966 Vivebat
347 1897 462 1988 itaque
481 1903 585 1966 homo
608 1901 645 1967 in
666 1901 822 1968 Paradiso
838 1903 921 1968 ficut
936 1903 1083 1978 volebat,
1102 1922 1221 2047 prpem-

106 1983 170 2051 diu
197 1987 265 2049 boc
283 1985 452 2058 volebat,
497 1986 590 2070 quod
621 1989 715 2050 Deua
747 1985 895 2064 jufferatr
931 1983 1069 2049 vivebat
1159 2005 1220 2054 ena

104 2071 201 2143 Deo,
224 2067 354 2153 ex‘quo
376 2067 468 2130 bono
491 2081 562 2130 erat
580 2067 711 2132 bonus:
734 2065 871 2132 vivebat
892 2067 960 2130 fine
980 2067 1048 2130 nlla
1064 2066 1216 2152 egestate,

104 2151 155 2215 ita
176 2151 305 2235 [emper
324 2146 440 2212 vivere
460 2149 587 2212 habene
607 2149 643 2214 in
662 2149 838 2248 potestate.
882 2148 988 2214 Cibua
1009 2151 1144 2222 aderat,
1172 2169 1219 2212 ne

106 2232 265 2306 esuriret3
287 2244 410 2318 potua,
431 2248 477 2294 ne
498 2229 622 2313 srtiret3
646 2233 779 2318 lignum
799 2230 908 2306 vitae,
931 2252 977 2296 ne
997 2230 1094 2294 illum
1108 2229 1220 2294 senec·

106 2331 143 2382 ta
165 2315 372 2380 diffolveret:
403 2310 491 2376 nihil
513 2313 740 2402 corruptionis
760 2313 798 2378 in
820 2333 978 2401 corpore,
1007 2315 1063 2378 vel
1086 2334 1126 2377 ex
1146 2333 1220 2378 cor·

132 2420 189 2464 ore
218 2398 303 2462 uliae
322 2393 487 2460 molestiae
510 2394 587 2460 ullia
608 2401 679 2479 ejue
701 2397 845 2462 sensibua
868 2396 1054 2484 ingerebat.
1095 2397 1219 2460 Nulluo

107 2480 310 2548 mninrecua
331 2479 489 2555 morbue,
522 2479 637 2545 nullua
658 2479 747 2544 ictuc
769 2483 983 2544 metuebatur
1003 2477 1219 2545 extrinsecus.

106 2569 243 2632 Summa
264 2561 301 2627 in
324 2583 425 2628 carne
446 2559 585 2638 sanitae,
608 2561 781 2628 inanimo
802 2578 874 2627 tota
894 2561 1129 2660 tranquillitas.
1170 2560 1221 2626 si-

106 2664 167 2714 eut
186 2647 224 2712 in
246 2643 397 2734 paradiso
418 2645 532 2708 nullon
556 2646 659 2710 aestua
681 2662 740 2710 aut
760 2645 886 2732 frigora
908 2644 957 2709 ita
978 2667 1014 2708 nr
1036 2647 1107 2722 ejua
1124 2643 1219 2708 habi-

107 2747 216 2796 tatore
236 2729 330 2792 nulia
352 2749 393 2792 ex
414 2725 601 2812 cupiditate
621 2728 676 2792 vel
698 2750 738 2791 ex
760 2728 882 2793 timore
908 2728 1089 2792 accedebat
1109 2728 1220 2790 bonae

106 2809 295 2878 voluntatia
317 2807 466 2874 offendo.
509 2807 604 2870 Nihil
626 2810 767 2874 omnino
787 2809 893 2882 triste,
915 2808 1003 2872 nihil
1024 2823 1094 2872 eret
1109 2806 1220 2871 inani·

107 2912 160 2960 ter
188 2895 333 2965 laetum,
368 2888 531 2976 gaudium
555 2911 673 2954 verum
705 2894 967 2978 perpetuabatur
997 2913 1038 2954 ex
1060 2894 1149 2966 Deo,
1180 2889 1219 2955 in

107 2997 209 3064 quem
230 2975 272 3038 fla
297 2975 389 3036 rabat
412 2971 533 3036 coritae
555 2991 595 3036 ex
615 2975 716 3037 corde
736 2994 842 3059 puro,
877 2988 912 3038 et
933 2971 1139 3038 conscientia
1160 2973 1220 3036 bo·

106 3082 171 3135 na,
203 3073 237 3122 et
264 2996 332 3121 dde
359 3073 430 3120 non
463 3053 551 3119 ficta.
594 3057 704 3143 Atque
725 3055 816 3120 inter
835 3056 868 3119 ie
890 3059 1076 3140 conjugum
1096 3053 1164 3118 fida
1185 3069 1221 3118 et

107 3166 148 3210 ex
170 3140 313 3240 ,honesto
343 3157 456 3202 amore
478 3135 647 3236 ionicus,
681 3159 822 3204 concors
851 3137 975 3234 mentia
1003 3158 1043 3201 co
1086 3136 1221 3223 orisque

106 3220 585 3396 eegztzt‘tttiffnit
605 3223 742 3370 izit,
763 3221 945 3400 titio,
963 3218 1220 3368 intimi?

107 3409 201 3459 tanta
228 3386 390 3454 facilitate
420 3407 555 3462 rerum,
593 3403 628 3452 et
654 3385 817 3452 felicitate
849 3389 1046 3462 hommum,
1079 3385 1160 3452 absrt
1179 3399 1221 3449 nt

109 3474 333 3561 suspicemur,
367 3489 438 3534 non
461 3467 605 3554 potuiffe
625 3471 753 3557 prolem
775 3468 849 3534 fieri
869 3470 937 3534 fin'e
957 3467 1111 3534 libidinia
1132 3489 1221 3532 mor-

108 3561 172 3622 bo:
209 3557 263 3622 [ed
284 3573 325 3620 eo
346 3550 532 3618 voluntatis
553 3568 643 3617 nutu
663 3555 881 3618 moverentur
900 3555 1050 3617 membra
1071 3552 1127 3616 illa
1150 3571 1219 3638 quo

110 3653 261 3714 caetera,
294 3652 329 3701 et
348 3637 418 3702 fine
439 3633 565 3698 ardoris
586 3635 781 3701 illecebroso
802 3635 934 3700 stimulo
958 3657 1037 3699 cum
1059 3633 1221 3720 tranquil·

109 3723 206 3790 litate
227 3719 332 3785 animi
353 3734 388 3784 et
409 3715 580 3804 corporia,
603 3721 697 3784 nulla
718 3741 815 3785 corru
842 3715 937 3784 tione
952 3717 1155 3804 integritatis
1168 3716 1221 3780 in·

109 3807 309 3872 funderetur
321 3801 447 3889 gremio
456 3798 751 3870 mari,tuauxorie.”
765 3800 804 3865 vi
830 3803 1218 3888 eanequantumlaudat‚
1277 3838 1279 3847 ·

108 3877 273 3978 qnantum
281 3885 447 3973 glorificat
458 3881 943 3982 felicitatemutriuapueserna
953 3884 989 3948 in
1001 3885 1153 3971 paradiso
1162 3905 1219 3946 an·

109 3989 147 4040 to
161 3968 492 4059 praevaricationem,
511 3987 612 4052 quam
628 3969 760 4032 sanctae
772 3967 1221 4054 rncontaminataequennp·

97 4053 321 4127 'tiaefierent
339 4051 445 4138 qualia
456 4067 548 4116 amor
558 4047 853 4138 irreprehenfibilia
861 4056 1045 4137 conjugum
1053 4066 1087 4115 et
1094 4051 1221 4146 insepa-

110 4136 226 4207 rabilia
241 4133 391 4214 sociatae,
407 4135 827 4223 quampulcrasanctorum
834 4136 1218 4222 bominumprocreatro‚

739 4253 781 4320 24
