3036 4862
319 231 401 305 378
525 345 533 362 .
634 234 695 304 ‘sic
715 169 897 306 Dtoitiotto
916 231 1091 306 Noimt.

322 417 462 508 egestate
481 415 538 484 vel
560 414 701 483 vixerat.
733 417 831 517 ‘Nam
851 417 876 483 sa
896 415 1020 484 talibue
1039 415 1152 483 verbio
1170 428 1323 516 uteretur
1332 435 1354 515 ς,
1373 415 1444 482 sor·

321 501 410 567 taffia
433 521 505 566 non
526 501 715 588 incongrue
731 501 957 600 intelligerem
974 504 1095 566 docere
1108 501 1247 565 voluisse
1261 503 1445 566 hommem

203 607 205 616 ³
320 585 358 650 in
379 585 531 670 paradiso
578 585 735 650 erfectam
757 583 1005 650 beatitudinem
1025 585 1096 650 fine
1115 583 1186 649 ullo
1215 599 1355 675 peccato
1378 605 1445 682 per

296 668 538 756 -fpatia0quae
563 689 616 734 am
644 667 804 754 temporie
834 668 996 734 habuisse:
1036 667 1093 732 sed
1123 667 1276 740 vivebat,
1311 665 1444 754 inqiut,

320 756 417 818 homo
437 755 471 816 in
490 747 675 846 paradiso,
699 751 874 816 inchoabat
892 754 1006 816 vivere
1015 747 1094 898 1¹line
1114 751 1182 814 uilo
1203 749 1359 842 egesiata.
1393 755 1445 814 Ac

217 907 221 914 ,
321 837 482 922 fiaperte
505 835 653 910 diceret,
677 832 860 900 inchoabat
879 835 994 899 vivere
1041 854 1118 900 omo
1140 832 1364 922 inparadiso,
1388 831 1443 898 in·

322 920 467 985 choabat
495 917 611 983 virere
641 917 756 982 sruotn
789 921 882 993 Deo,
919 918 1100 982 inchoabat
1126 915 1240 982 vivere
1270 917 1340 981 fine
1370 917 1444 980 ulia

322 1002 474 1089 egestate.
516 1005 609 1067 Haec
641 999 732 1065 enirn
767 999 893 1088 speciea
923 999 1095 1088 praeteriti
1126 997 1289 1086 temporie
1320 1000 1361 1062 ab
1386 997 1442 1064 hia

324 1083 384 1174 qui
403 1086 581 1150 verborum
601 1083 860 1172 significationen
881 1099 978 1148 acute
992 1081 1217 1182 perspiciunt,
1239 1081 1441 1148 inchoativa
1483 1129 1484 1138 ,

322 1181 474 1234 vocatur.
502 1167 759 1234 inchoationem
787 1167 844 1254 qui
870 1188 914 1254 pe
934 1183 968 1231 et
983 1164 1169 1252 auspicium
1187 1163 1376 1252 cujutpiam
1390 1164 1443 1228 rei

323 1249 506 1338 significat,
528 1273 613 1338 quae
628 1255 694 1330 iam
712 1253 755 1314 ad
773 1189 1019 1336 perictionem
1034 1250 1130 1327 nullp
1146 1251 1249 1314 modo
1268 1247 1441 1336 pervenit.

391 1343 439 1416 ¹5·
471 1335 574 1420 Quod
595 1333 716 1410 etiam,
742 1336 810 1398 hoc
831 1332 894 1407 cst,
924 1334 1021 1398 nullo
1041 1331 1219 1418 temporali
1242 1329 1350 1418 spatio
1372 1329 1442 1418 pri·

322 1436 398 1481 moa
414 1415 569 1482 homine·
598 1417 693 1481 fuisse
713 1413 750 1480 in
771 1415 936 1502 paradiso,
959 1416 996 1480 in
1020 1431 1142 1482 octavo
1164 1413 1366 1482 Hexaemeri
1389 1413 1440 1476 sui

322 1498 395 1586 ipse
417 1503 537 1566 edocet
561 1497 694 1566 dicenat
718 1501 785 1565 Cur
803 1521 866 1566 non
887 1502 1035 1564 coierunt
1053 1495 1117 1588 nist
1138 1521 1208 1562 cum
1229 1493 1371 1592 cxiffcnt
1398 1499 1442 1561 de

322 1579 503 1676 paradiso:
523 1587 590 1648 cito
614 1581 804 1672 responderi
821 1581 953 1683 potpst,
974 1585 1053 1668 quia
1074 1605 1151 1648 mox
1171 1595 1284 1645 creata
1304 1581 1441 1644 muliere

321 1671 515 1814 astron
535 1659 952 1838 ΗΜ
967 1659 1444 1837 crotoniatae

324 1845 412 1916 rant.
453 1837 532 1898 Non
558 1833 642 1896 enim
660 1796 835 1924 sciiptara
868 1849 998 1916 tempus
1018 1829 1192 1926 capreffit,
1218 1846 1377 1917 quanam
1400 1837 1446 1896 in·

324 1907 488 2005 terfrterit'
511 1918 668 2000 temporis
697 1919 783 1981 inter
811 1941 866 1982 eos
876 1913 998 2007 factos
1016 1930 1050 1980 tt
1072 1941 1115 1980 ex
1136 1920 1183 1980 cit
1202 1929 1316 1980 natum
1340 1917 1438 1982 Cain.

324 1999 435 2064 Fuisse
456 2001 560 2064 Adam
583 1999 812 2092 temporaliter
831 1999 869 2064 in
890 2001 1062 2088 paradiso,
1085 1998 1179 2086 priua
1203 2021 1281 2064 uum
1297 2002 1340 2064 de
1353 1999 1443 2064 cosia

327 2087 399 2162 eiua
420 2082 544 2147 mulier
563 2082 799 2157 fabricaretur,
823 2085 913 2148 dicat
933 2083 1008 2182 quis
1031 2082 1146 2180 potati.
1180 2021 1329 2146 iroinde
1350 2085 1441 2168 plut.

315 2181 369 2230 *ut
390 2165 548 2240 arbitror,
578 2165 650 2229 laua
671 2166 729 2232 illa
751 2165 842 2230 vitae
863 2165 1011 2231 hominia
1032 2187 1069 2229 an
1091 2164 1243 2252 paradiso
1263 2165 1443 2230 referenda

267 2309 270 2315 .
326 2248 372 2314 est
395 2249 606 2312 adfuturam
628 2247 840 2327 cjuavitam,
863 2249 886 2312 fi
909 2248 1071 2313 obedient
1085 2263 1312 2334 permaneret,
1336 2271 1442 2336 quam

330 2333 375 2394 ad
401 2346 571 2416 peractam
593 2351 678 2416 quae
700 2329 910 2395 solummodo
933 2329 1171 2403 inchoaverat,
1207 2351 1445 2418 necunquam

282 2459 285 2470 .
325 2413 468 2477 sieterat.
511 2414 598 2476 Nam
625 2412 650 2476 fi
678 2413 793 2477 saltem
821 2413 876 2476 vel
899 2435 1002 2498 parvo
1024 2412 1130 2498 spatio
1151 2412 1300 2488 stctiffett
1328 2415 1443 2480 neces·

326 2492 413 2558 sario
442 2497 485 2558 ad
512 2491 657 2580 aliquam
684 2493 929 2580 perfectionem
955 2495 1159 2593 perveniret.
1210 2499 1258 2562 Ac
1291 2519 1353 2584 per
1373 2501 1445 2562 hoc

326 2577 497 2664 praefatae
517 2575 669 2662 magister
689 2597 760 2640 non
783 2577 911 2642 diceret
929 2579 1082 2653 vivebat,
1106 2579 1163 2644 sed
1177 2577 1262 2644 vixit
1279 2582 1333 2642 vel
1351 2579 1443 2645 rixe-

327 2675 397 2724 ratt
426 2679 618 2757 quanquam
647 2657 672 2721 fi
701 2655 824 2724 talibus
851 2661 1024 2747 praeteriti
1044 2661 1187 2748 perfecti
1206 2677 1241 2727 et
1258 2663 1443 2808 plusquam

315 2770 319 2783 ·
355 2741 473 2807 erfecti
494 2743 614 2806 ‘verbra
645 2755 813 2818 uteretur,
852 2759 892 2808 ut
919 2743 998 2808 aliae
1027 2743 1105 2808 usur
1137 2745 1200 2819 esi,
1233 2769 1255 2831 p
1422 2745 1430 2762 '

325 2765 437 2891 {erim
465 2823 685 2910 praeteritum
705 2846 766 2910 pro
789 2825 903 2891 fututo
925 2825 1086 2913 posuisse,
1140 2847 1218 2892 uam
1238 2829 1358 2895 statum
1378 2832 1445 2894 ho·

327 2906 432 2973 minio
454 2905 629 2994 temporali
650 2906 757 3054 spatio
781 2907 818 2973 in
835 2907 996 2974 felicitate
1011 2909 1126 2996 paradi
1165 2925 1244 2974 ante
1261 2929 1444 2998 peccatum

329 2989 497 3067 docuiss'e,
531 3012 570 3056 ea
590 2988 669 3054 vide
683 2989 751 3056 icet
770 2989 904 3059 ratione
922 3009 962 3056 ut
983 2992 1258 3090 praedestinatam
1278 2997 1444 3080 praedefi-

327 3073 504 3161 nitamque
534 3071 781 3152 beatitudinem
810 3073 958 3140 hominia
986 3097 1023 3139 an
1054 3075 1206 3162 paradiso
1225 3076 1250 3140 fi
1270 3098 1340 3142 non
1362 3100 1445 3165 peo-

328 3173 441 3234 caret,
471 3157 561 3242 quafi
588 3171 662 3220 tum
688 3157 871 3242 perfectam
897 3155 1072 3232 innueret,
1105 3161 1186 3224 dum
1215 3161 1325 3225 adhuc
1344 3160 1383 3226 iu
1407 3185 1445 3227 re

328 3237 419 3325 ipsa,
441 3241 509 3303 hoc
532 3238 594 3312 est,
617 3237 655 3302 in
677 3237 854 3305 effectibus
874 3241 1042 3327 perfectae
1063 3239 1372 3339 praedestinationis
1388 3247 1444 3308 fu·

329 3333 405 3386 tura
428 3335 461 3384 et
482 3319 636 3384 facienda
658 3337 737 3386 erat.
781 3325 857 3388 Hoc
878 3339 990 3388 autem
1014 3325 1116 3398 dicit,
1152 3326 1231 3422 quia
1252 3327 1348 3412 saepe
1367 3327 1446 3414 ipse

331 3405 374 3468 de
409 3401 560 3488 paradiso
597 3401 792 3500 disputans,
835 3405 1007 3492 praeteriti
1037 3407 1179 3496 perfecta
1211 3407 1371 3555 temporie
1409 3427 1445 3475 et

329 3488 506 3572 plusquam
528 3485 670 3572 persecu
690 3491 793 3553 verba
813 3489 943 3574 posuit,
978 3491 1062 3556 ficut
1082 3489 1243 3556 librorum
1264 3491 1276 3554 i
1302 3492 1355 3558 ina
1376 3493 1444 3558 stu·

331 3565 444 3634 diosua
462 3571 580 3646 ‚lector
607 3591 643 3634 re
670 3569 766 3646 eriet,
801 3587 841 3636 ut
871 3573 914 3638 est
939 3571 1025 3638 illud
1047 3573 1084 3638 in
1107 3571 1288 3640 undecimo
1310 3577 1444 3642 Hexae·

330 3651 416 3716 meri
436 3651 534 3716 libro.
578 3658 620 3718 In
657 3656 757 3720 adora
767 3651 882 3743 faciei
901 3669 978 3742 caup
999 3659 1076 3722 edes
1095 3679 1214 3739 panem
1235 3671 1344 3733 mum,
1377 3663 1441 3726 cio·

330 3757 390 3798 nac
410 3739 612 3800 convertaris
632 3751 808 3803 interram
829 3763 872 3804 ex
890 3763 957 3826 qna
966 3733 1101 3834 sununs
1118 3767 1167 3820 es,
1190 3745 1377 3828 quintana
1394 3769 1441 3818 es,

330 3831 366 3882 at
386 3819 421 3882 in
441 3833 562 3882 terram
582 3821 657 3886 ibis.
701 3825 792 3898 Hos,
821 3821 952 3910 inquit,
984 3821 1047 3918 effe
1067 3829 1102 3889 in
1122 3840 1214 3892 terra
1233 3827 1362 3892 iabores
1380 3831 1441 3892 Iru-

329 3904 421 3966 mttni
439 3907 584 3986 generis,
604 3908 680 3988 quis
700 3907 857 3988 ignorat?
878 3918 913 3969 et
932 3911 1012 3992 quia
1033 3931 1097 3976 non
1119 3935 1136 3972 e
1166 3907 1267 3994 entfi
1277 3901 1444 4000 felicitas

329 4007 415 4070 quac
436 3991 471 4049 in
491 3981 649 4086 paradifip
660 3977 785 4088 scierat
804 4001 984 4070 teneretur,
1007 4015 1110 4058 none
1156 4003 1269 4082 utique
1282 3995 1441 4060 dubitan-

248 4086 282 4116 ··
329 4071 417 4134 dnm.
459 4070 580 4133 Fuerat
609 4075 710 4148 dixit,
740 4072 955 4140 nonrfiebat.
996 4076 1069 4144 Neo
1090 4081 1158 4147 hoc
1177 4082 1322 4154 mirum,
1354 4099 1440 4146 cum

331 4147 513 4240 raepiffime
534 4151 650 4222 divina
671 4155 851 4228 aaewfitat
871 4157 985 4228 futura
1004 4161 1095 4249 quest
1113 4167 1181 4247 jam
1204 4175 1339 4254 peracta
1359 4185 1443 4250 pro·

1271 2767 1310 2810 ua
1335 2747 1444 2811 credt·
