2884 4820
323 233 401 310 668
649 233 704 306 lle
723 215 904 308 vuidoni
924 231 1094 304 Notwoe.

325 416 589 507 pulcritudinem
608 417 860 484 immundorum
882 415 1067 503 spirituum
1087 411 1245 498 nequin't,
1274 411 1321 476 iau
1336 416 1376 478 he·
1402 425 1403 432 ’

325 501 469 588 minum,
487 499 668 588 impiorum
701 500 943 566 irrationabiles
971 514 1081 562 motua
1116 517 1183 560 non
1212 495 1303 560 l'olurn
1328 515 1377 558 non

326 583 577 658 contaminant,
608 605 725 649 verum
753 583 854 648 etiam
885 585 1060 667 adaugent.
1110 579 1207 644 Nulla
1235 577 1311 642 euim
1344 578 1376 638 ul·

326 665 460 734 critudo
484 665 641 741 efficitur,
666 665 726 730 nifi
749 687 788 730 ex
810 662 1101 750 compaginatione
1121 660 1265 726 [amilium
1278 676 1306 724 et
1319 601 1377 722 ilfi-

325 749 461 816 milium
486 747 728 814 contrariorum
758 763 792 812 et
824 769 844 812 o
869 749 1068 834 pofitorum3
1095 763 1202 828 neque
1222 743 1377 806 tantaelau·

328 831 480 906 diaeffet
498 835 646 905 bonum,
667 831 691 894 fi
712 851 781 895 non
804 771 881 894 ellit
902 827 1105 914 comparatio
1124 849 1162 890 ex
1177 823 1377 911 vituperatione

328 913 420 982 mali.
461 916 608 998 Ideoque
630 915 721 998 quod
741 914 865 976 malum
888 911 1030 986 dicitur,
1056 914 1135 974 dum
1153 931 1211 986 per
1230 909 1259 972 se
1272 907 1377 971 confide

326 1012 437 1072 ratur,
460 997 697 1082 ,vituperatum
734 999 814 1060 dum
836 1017 915 1059 vero
937 1017 976 1059 ex
998 999 1067 1073 ejue
1090 990 1325 1056 confideretione
1340 989 1377 1048 be

326 1099 410 1144 num
431 1081 607 1152 laudatur,
638 1098 707 1144 non
731 1076 871 1144 omnino
893 1075 1115 1162 vituperabile
1135 1075 1271 1138 videtur.
1307 1069 1376 1154 Quod

327 1159 420 1230 enim
447 1161 529 1226 boni
557 1162 689 1226 laudem
722 1163 888 1234 cumulat,
921 1181 1006 1232 uon¹
1026 1157 1164 1234 omnino
1196 1157 1283 1220 laude
1307 1165 1374 1216 caret

327 1241 494 1328 Nunquid
516 1243 667 1308 omnium
689 1245 854 1310 bonorum
870 1241 1042 1314 conditor,
1066 1243 1222 1320 malorum
1238 1235 1375 1302 ordinator,

325 1324 365 1388 in
387 1324 621 1400 universitate,
659 1347 757 1410 quam
779 1325 951 1400 condidit,
985 1326 1109 1387 malum
1131 1324 1254 1394 fineret,
1283 1313 1376 1382 anihil

326 1405 484 1488 utilitatie
519 1408 710 1474 conferret?
745 1411 847 1492 Quod
877 1407 1037 1478 etiamex
1061 1403 1281 1478 collationibus
1300 1417 1375 1462 remu

153 1497 155 1503 '
214 1519 216 1524 ’
325 1489 530 1556 sensibilium
558 1507 616 1554 aut
652 1513 691 1554 ex
712 1489 867 1556 humanis
889 1489 1035 1554 moribus
1059 1487 1213 1553 facillime
1232 1480 1375 1559 conjicitur.

325 1573 378 1644 Ex
404 1573 612 1638 infructuoso
640 1573 765 1659 quippe
794 1573 887 1657 ligno
920 1570 1086 1634 fructiferi
1106 1573 1175 1634 leue
1195 1565 1375 1654 amplificatur,
1402 1571 1403 1574 ’

327 1675 369 1720 ex
403 1653 745 1734 libidinolohomine
768 1655 853 1720 calli.
895 1657 931 1718 In
957 1653 1108 1738 paradiso
1129 1655 1235 1738 itaque
1254 1653 1403 1714 humana,

324 1750 465 1800 naturae
485 1736 715 1822 unusquisque
735 1739 848 1801 locum
868 1736 962 1798 luum
978 1736 1161 1802 secundum
1174 1729 1375 1832 proportionem
1402 1733 1403 1742 ’

324 1817 588 1900 conversationis
619 1817 694 1882 luae
727 1818 762 1882 in
792 1821 855 1882 hac
882 1817 951 1880 vita
980 1817 1174 1914 poffidebit3
1203 1815 1254 1880 alti
1273 1808 1375 1876 euteriut

325 1899 435 1964 veluti
463 1899 498 1964 in
533 1900 687 1964 extremit
716 1899 923 1998 porticibus,
955 1899 1011 1962 alai
1040 1900 1180 1965 interius
1208 1890 1374 1984 tanquamln
1402 1967 1403 1972 η

325 1981 625 2069 propinquioribus
656 1984 748 2047 atrita
785 1981 919 2048 divinae
952 1981 1253 2068 contemplatiouia.
1291 1973 1332 2039 alii
1351 1992 1374 2066 n

325 2064 530 2150 ampliffimie
563 2063 755 2130 divinorum
785 2064 1012 2148 mysteriorum
1035 2065 1183 2152 templie,
1212 2060 1262 2126 alii
1279 2059 1307 2122 in
1324 2055 1375 2120 inu·
1402 2101 1403 2122 r

323 2146 390 2213 mia
413 2149 511 2233 super
533 2169 668 2212 omnem
690 2165 841 2212 naturam
866 2145 900 2210 in
923 2147 994 2234 ipso
1018 2163 1051 2210 et
1075 2171 1150 2212 curn
1171 2145 1251 2232 ipio,
1283 2139 1328 2226 qui
1343 2137 1374 2198 lu·

322 2229 575 2378 per-effrutialie
605 2245 639 2294 et
669 2228 1019 2316 super-naturaliuell,
1049 2226 1277 2316 Theophaniie.
1310 2215 1375 2284 lleeti

237 2365 243 2374 ,
319 2329 422 2408 unt,
447 2311 505 2395 qui
527 2311 563 2374 in
587 2310 698 2376 abdita
720 2313 847 2377 intrant
869 2313 1071 2398 sapientiae,
1095 2335 1176 2400 quae
1196 2310 1234 2374 est
1254 2304 1373 2371 caritot

324 2415 392 2488 qur·
420 2396 584 2456 accedunt
615 2393 651 2456 in
682 2395 922 2460 obscurillimaa
958 2399 1111 2460 tenebrae
1143 2385 1373 2459 excellentillinnt

322 2477 428 2549 111018,
451 2473 487 2537 in
510 2496 575 2558 qua
595 2475 696 2556 limul
712 2475 748 2542 in
771 2479 872 2564 caulis
894 2477 959 2540 suia
982 2476 1102 2542 vident
1124 2477 1245 2556 omnia3
1264 2469 1310 2534 ubi
1326 2483 1371 2528 neo
1402 2547 1403 2550 Ἴ

321 2558 475 2627 locorum
497 2557 550 2618 vel
572 2571 761 2642 temporum
778 2559 956 2622 'intervalla
976 2562 1085 2624 bonne
1107 2584 1123 2624 a
1141 2559 1245 2628 malie,
1265 2555 1309 2617 sed
1327 2567 1371 2610 ωε·

320 2637 465 2704 ritorum
497 2637 647 2702 distantia
676 2639 708 2704 se
749 2657 833 2727 egat.
876 2643 953 2708 Non
991 2644 1157 2727 quantitas
1178 2657 1210 2704 et
1227 2629 1373 2726 pulcritudo
1402 2681 1403 2688 κ

321 2741 523 2806 corporum,
545 2722 600 2785 led
621 2663 771 2788 nunciis
792 2739 826 2788 et
846 2723 1043 2808 magnitudo
1065 2726 1222 2790 virtutum
1242 2720 1371 2784 laudaut
1402 2727 1403 2758 l

308 2824 393 2870 ‹non
422 2804 654 2889 personarum,
685 2805 741 2871 sed
772 2813 902 2870 morum
925 2806 1071 2892 dignitas
1097 2825 1130 2874 et
1150 2803 1290 2871 nobilitat
1306 2811 1372 2882 quae·
1402 2867 1403 2878 ἵ

210 2944 212 2954 ,
319 2887 423 2960 tituta
445 2907 513 2950 una
535 2888 691 2952 omnibus
713 2888 899 2952 communie
920 2904 1058 2964 natura,
1083 2890 1202 2955 diversa
1221 2901 1312 2950 autem
1325 2893 1371 2960 grt-
1402 2901 1403 2940 t

319 2969 391 3066 tiaq
409 2968 471 3064 ubi
494 2990 610 3036 omnee
633 2970 725 3034 fimul
747 2972 840 3045 sunt,
864 2987 898 3033 et
921 2972 1013 3035 [imul
1035 2995 1106 3038 aton
1122 2973 1209 3044 sunu
1229 2965 1306 3033 simul
1321 2961 1371 3053 lunt
1402 2991 1403 3052 q

319 3049 538 3118 fimrlttudine
559 3052 828 3130 substantiarum,
852 3053 944 3118 fimat
966 3075 1035 3118 non
1060 3057 1137 3120 sunt
1157 3046 1370 3130 diffimilitudtnt
1402 3071 1403 3112 ι

319 3133 514 3200 affectuum.
557 3133 664 3200 Simul
696 3151 789 3202 erant
822 3136 925 3200 Divea
948 3152 981 3199 et
1002 3139 1162 3204 Abraham
1183 3135 1216 3199 in
1237 3121 1370 3217 spiritual·
1402 3129 1403 3172 l

318 3219 383 3282 bua
404 3215 608 3292 substantiis,
647 3238 728 3302 quae
750 3239 817 3282 una
839 3219 1020 3304 eademque
1056 3224 1196 3286 humana
1223 3208 1370 3294 colligitel
1402 3257 1403 3262 η

317 3295 583 3384 inseparabiliter
609 3298 722 3383 jungit
752 3300 902 3382 effantia3
932 3301 987 3364 led
1016 3323 1089 3368 non
1118 3301 1205 3368 simul
1230 3308 1310 3362 erant
1331 3303 1370 3369 1³⁶¹

317 3379 543 3468 differentiam
573 3379 797 3465 spiritualium
828 3381 1037 3468 qualitatum.
1084 3387 1188 3451 Chaoe
1217 3377 1294 3444 enim
1310 3385 1370 3448 mag·

315 3483 401 3528 uum
435 3477 504 3526 erat
531 3459 621 3526 inter
649 3485 724 3540 eoe;
760 3468 922 3530 Abraham
950 3466 1076 3564 quippe
1097 3467 1132 3532 in
1153 3480 1272 3530 aeterna
1290 3451 1371 3540 quiete

315 3545 499 3630 gaudebat,
522 3543 627 3610 Divea
647 3544 685 3610 in
705 3549 836 3613 flamma
858 3548 1109 3634 inextinguibili
1134 3549 1273 3634 lugebant
1302 3550 1371 3620 11102·
1402 3537 1403 3546 ’

315 3641 409 3692 terea
430 3625 518 3691 vidit
539 3629 580 3692 de
600 3629 701 3715 longe
721 3634 894 3698 Abraham.
952 3631 1036 3778 (puin
1058 3631 1165 3698 verbis
1186 3623 1278 3714 potest
1295 3629 1370 3709 tlpss·

316 3727 424 3782 mere,
448 3727 610 3794 quantum
626 3710 795 3778 interstitit
812 3715 901 3778 inter
916 3712 957 3778 tri
984 3713 1078 3781 itiam
1094 3731 1126 3780 et
1140 3707 1284 3778 laetitiam
1297 3710 1369 3790 anau

314 3791 354 3890 in
373 3795 437 3856 hac
458 3789 547 3868 vita,
575 3812 701 3879 quanto
721 3797 826 3883 magia
848 3797 886 3860 in
907 3797 1036 3862 altera?
1067 3799 1103 3864 in
1125 3817 1186 3884 qua
1206 3789 1285 3856 nulla
1303 3773 1370 3842 tnlh·
1402 3839 1403 3888 q

315 3890 365 3938 tra
384 3875 541 3971 lequqtur
559 3876 717 3954 justorum
738 3878 920 3955 laetitiam
942 3901 1053 3966 neque
1072 3883 1138 3946 ulla
1157 3869 1270 3942 laetitia
1289 3864 1370 3950 sequ?

314 3971 372 4020 tur
401 3975 583 4044 impiorum
605 3958 786 4043 tristitiam,
822 3961 936 4030 diviua
957 3961 1119 4030 sententia
1140 3960 1247 4046 digna!
1265 3939 1370 4030 fingultt

313 4037 635 4112 incommutabiliter
668 4045 871 4110 attribuente
900 4045 1144 4112 retributiones.
1199 4041 1239 4102 Et
1262 4013 1370 4123 hoqest
1402 4095 1403 4122 ,

314 4124 448 4202 chetura
479 4143 638 4208 magnum
661 4144 696 4191 et
716 4127 974 4213 impermeabilia
993 4127 1120 4204 hiatur,
1148 4117 1365 4206 dividentium
