2890 4820
296 279 419 336 nvlll
435 309 438 318 ι

229 501 232 510 Α
296 439 436 518 temnit,
450 501 455 509 ,
471 439 514 504 ad
543 435 671 504 exitum
701 433 877 502 laetiorem
904 437 1119 524 perducatur.
1163 435 1265 502 llaucl
1294 451 1418 504 tamen

295 523 502 600 infitiamur,
528 520 663 612 Hegelii
685 519 968 608 speculationem,
989 541 1069 610 prae
1093 519 1103 540 ⁹
1127 542 1172 588 ue
1191 521 1217 588 fi
1238 541 1312 586 eam
1336 541 1418 588 curu

320 605 511 710 hilolophia
531 605 648 672 critica
670 619 704 672 et
724 624 804 670 cum
825 601 1010 686 subiectivo
1030 603 1086 670 ide
1119 603 1206 672 ia'mo
1219 625 1418 692 compares.

295 631 338 760 ic
373 691 549 759 christiana
578 688 793 790 philosophia
822 703 856 754 ct
886 688 1209 790 theologiaoptlmc
1228 689 1290 754 elle
1312 689 1419 757 meri·

294 791 381 852 um,
413 791 514 863 atque
544 783 646 839 ettam
672 775 839 862 Eugenae
870 771 930 838 [cri
958 772 1000 840 tit
1025 769 1156 839 facilius
1177 773 1419 860 intelligendia

294 861 545 950 quodammodo
576 872 667 924 certe
695 855 785 922 viam
815 857 930 943 aperu'
958 879 986 921 e.
1029 853 1187 945 Denique
1209 877 1331 923 omnee
1358 857 1419 943 qui

296 943 442 1009 auctorit
465 940 574 1014 ,nostri
602 939 744 1006 lectioni
777 940 1038 1007 convenientem
1061 961 1196 1034 operam
1219 941 1419 1014 novabunt,

294 1026 440 1092 libenter
453 1027 554 1090 etiam
570 1023 703 1089 illorum
717 1023 978 1090 reminiscentur
986 1041 1187 1112 temporum,
1207 1025 1335 1114 quibua
1347 1040 1419 1088 tarn

296 1111 363 1175 fide
386 1113 536 1186 credere,
571 1129 671 1196 quam
692 1109 824 1174 ratione
845 1129 957 1174 rerum
979 1131 1103 1174 nexum
1126 1117 1160 1174 et*
1181 1111 1293 1174 caulae
1317 1109 1420 1172 inve·

294 1192 429 1280 ffigm,
456 1209 490 1258 et
512 1195 652 1257 alterum
675 1191 770 1256 alteri
792 1191 992 1267 conciliatu
1020 1193 1217 1258 hominibua
1240 1191 1355 1280 magis
1382 1191 1420 1254 iu

294 1273 457 1364 promptu
478 1293 512 1342 et
532 1291 692 1363 tanquam
714 1277 866 1340 naturale
889 1276 972 1353 fuit;
1007 1275 1134 1364 quippe
1155 1277 1233 1365 qui,
1270 1291 1420 1364 quanta-

295 1381 431 1448 cunque
453 1357 520 1425 fuit
540 1359 631 1424 illiue
654 1359 727 1424 aevi
750 1360 907 1448 asperitas
930 1360 1157 1434 etviolentia‚
1181 1377 1293 1426 tamen
1313 1359 1420 1446 saepe

179 1477 188 1494 κ
296 1441 447 1509 divinam
476 1447 643 1532 quandam
679 1441 917 1508 sublimitatem
942 1465 1018 1509 cum
1040 1445 1233 1510 humilitate
1253 1443 1418 1532 piiffima,

294 1527 419 1593 mentia
449 1541 683 1616 paupertatem
707 1548 786 1592 cum
806 1527 974 1592 uberrima
995 1539 1205 1592 aeternarum
1226 1527 1418 1592 veritatum

294 1612 520 1686 abundantia,
544 1611 650 1676 vitam
674 1627 707 1675 et
728 1609 867 1696 grandia
890 1633 990 1696 opera
1012 1633 1089 1676 cum
1112 1611 1324 1698 cogitatione
1349 1611 1417 1674 alta

293 1711 328 1758 et
359 1697 528 1782 profunda
559 1699 766 1782 conjungere
794 1693 964 1758 sciverint.
1016 1697 1098 1758 Eam
1121 1699 1163 1759 ob
1187 1695 1319 1759 caulam
1346 1693 1416 1758 illia

293 1779 458 1866 contigit,
488 1794 527 1842 ut
549 1775 682 1842 facilius
703 1775 937 1864 philosophiae
959 1793 993 1841 et
1039 1779 1150 1844 oeleoa
1173 1799 1250 1844 cum
1272 1775 1414 1866 religio-

291 1883 337 1925 ne
360 1861 546 1935 unionem.
569 1881 670 1948 quam
691 1879 768 1923 vera
792 1876 826 1924 et
838 1857 997 1924 aeternai
1024 1883 1061 1924 ea
1076 1883 1114 1926 ex
1142 1861 1270 1938 ostulat,
1295 1885 1414 1949 quam·

314 1967 357 2008 ue
385 1935 544 2009 nonnulli
573 1943 801 2008 recentiorum
832 1959 1000 2029 tamquam
1027 1885 1228 2030 propietico
1259 1950 1412 2032 quodam

292 1967 555 2096 lomnotdenuo
587 2027 769 2092 defiderare
791 2043 996 2114 coeperunt,
1028 2041 1095 2092 tam
1117 2027 1153 2092 in
1172 2027 1268 2105 ’νίκῃ
1307 2051 1411 2117 quam

292 2110 330 2176 iu
360 2111 491 2211 scriptia
517 2135 555 2176 re
584 2127 661 2176 vera
691 2109 875 2196 exprimere
904 2109 1091 2196 potuerint.
1143 2115 1260 2196 ltaque
1288 2107 1350 2178 ‘rua
1377 2111 1411 2176 ni

256 2259 262 2272 ,
293 2198 395 2278 hujus
416 2195 548 2284 engenii
570 2193 695 2281 effigiet
715 2209 863 2280 ponatur
884 2197 975 2272 juxta
997 2191 1161 2280 imagines
1183 2195 1321 2271 Dantii,
1347 2135 1411 2261 fio·

292 2297 520 2352 narenturae‚
551 2279 578 2340 J.
600 2277 775 2352 Boehmii‚
806 2297 1059 2363 paucorumque
1082 2276 1244 2352 aliorum,
1276 2280 1339 2366 qui
1362 2279 1411 2344 in·

289 2357 377 2444 juria
406 2377 598 2446 temporum
628 2360 798 2446 paulisper
826 2358 988 2444 oppreffi,
1019 2375 1053 2422 et
1080 2361 1143 2424 litu
1172 2363 1346 2428 obacurati
1377 2377 1409 2426 et

291 2463 401 2532 paene
421 2443 432 2506 i
458 2441 550 2517 noti,
572 2443 825 2506 nunctandem
848 2463 903 2515 ea.
927 2462 992 2529 qua
1014 2445 1127 2519 decet,
1153 2443 1243 2509 inter
1261 2445 1408 2511 christia·

290 2547 354 2592 noe
386 2465 605 2614 phfiolophoa
635 2539 669 2588 ct
701 2531 818 2610 poitaa
839 2546 926 2670 prae
951 2523 1090 2591 caeteris
1113 2526 1303 2596 eminentes
1328 2551 1409 2618 gau·

283 2613 375 2675 'dent
405 2609 511 2696 gratia
539 2623 573 2672 et
599 2605 797 2671 reverentia.
857 2627 910 2671 am
938 2609 1134 2708 quicunque
1155 2610 1271 2678 divina
1297 2629 1334 2678 ct
1355 2633 1407 2678 ae·

138 2687 146 2710 ”
203 2715 210 2732 ‘
292 2709 388 2758 terna
410 2695 521 2758 adhuc
541 2688 728 2776 suspiratis,
752 2709 893 2776 eamque
906 2691 1081 2756 lectamanr
1097 2709 1131 2757 et
1145 2695 1263 2761 amatia
1277 2697 1407 2788 sapien·

291 2777 408 2854 tiam,'
440 2793 503 2841 uae
524 2793 642 2842 omnee
662 2791 742 2838 vere
763 2771 929 2859 sapienter
950 2775 1027 2840 luce
1048 2775 1113 2840 lua.
1127 2775 1314 2860 illuminat,
1338 2781 1405 2844 five

293 2859 389 2947 parvi
417 2795 482 2922 int
503 2857 569 2922 five
590 2856 722 2944 magni,
753 2857 793 2920 fit
813 2855 910 2923 vobit
930 2862 997 2924 hoc
1018 2857 1183 2958 Erigenae
1204 2883 1406 2930 monumen·

292 2958 366 3008 tum
394 2941 585 3028 profundae
615 2955 649 3005 et
682 2937 848 3028 paciferae
872 2941 1119 3026 delectationi„
1140 2943 1349 3012 institutioni
1373 2959 1408 3008 et

294 3025 425 3092 validae
446 3025 483 3090 in
505 3026 617 3091 lancta
639 3019 705 3088 fide
727 3040 761 3088 et
779 3024 906 3112 pietate
927 3023 1188 3092 confirmationi.
1231 3029 1354 3096 Venite
1370 3043 1404 3093 et

294 3111 435 3200 gullure,
461 3131 561 3198 quam
584 3106 694 3173 suavia
714 3100 753 3172 lit
773 3107 960 3184 Dominus!
983 3139 1026 3154 -

304 3347 307 3354 ,
354 3271 547 3370 Mpnallerii
569 3263 863 3360 Guellphal'orum,
885 3285 917 3356 4.
939 3277 1010 3342 Ian.
1040 3286 1130 3356 183&

621 3492 626 3501 ’
705 3532 750 3614 c.
801 3535 845 3614 a.
896 3533 1251 3632 sortiter,

395 3687 400 3720 ³
490 3701 615 3756 Privatim
636 3701 735 3758 (locens
755 3697 947 3773 philosophiae
964 3703 994 3756 iu
1012 3706 1093 3774 llegia
1110 3703 1245 3764 academia
1263 3705 1400 3760 Bor-unica

714 3825 719 3854 ἱ
753 3771 911 3828 Mouaaterli
931 3771 1165 3845 Gueatphalorum
