3048 4856
302 231 383 321 84⁴
605 184 1082 316 ‘vehementiorum

306 431 393 520 Quia
414 427 507 496 eninr
526 427 704 494 carnaliter
722 427 931 507 viventium,
954 429 1143 514 claramque
1163 409 1351 525 sapientiae
1372 427 1424 490 lu·
1483 491 1484 500 ,

1481 155 1483 224 ι

303 539 378 584 cem
401 535 537 582 cernere
559 511 751 578 nolentium
773 513 852 578 talia
874 513 1014 578 audiena
1035 533 1106 577 non
1122 527 1288 575 connnuo
1312 532 1425 576 erum·
1483 535 1484 538 ¹

188 605 191 610 '
303 615 377 690 pat,
400 615 435 665 et
454 599 656 684 proclamet:
686 596 863 662 lnlaniunt
884 596 943 744 pul
965 599 1049 661 haec
1071 593 1214 659 dicunt?
1245 597 1422 680 quomodo

306 683 399 750 enirn
426 683 524 768 supra
546 679 660 746 omnia
680 683 772 744 Deua
794 679 893 744 invisi
916 679 994 755 ilia,
1035 675 1279 765 incorporalia,
1310 677 1425 742 incor-

304 764 477 854 ruptibilia
497 763 604 850 potest
625 785 644 828 a
666 763 773 850 [eipso
794 763 1014 837 descendere,
1049 762 1137 826 etse
1159 760 1270 847 ipsum
1291 761 1329 825 in
1351 783 1424 826 orn·

305 851 407 917 nibus
429 867 562 922 creare,
591 861 632 910 ut
650 847 689 910 fit
709 846 824 912 onnia
845 845 882 911 in
907 845 1084 920 omnibus,
1118 859 1151 909 et
1172 863 1280 930 unque
1302 847 1346 908 ad
1368 865 1423 910 ex·
1484 872 1485 918 ι

305 951 427 1000 tremas
456 933 559 1011 huju·
589 929 711 994 mundi
730 928 875 1000 vifibiler
897 928 1143 1017 turpitudines,
1178 943 1212 991 et
1233 927 1423 1015 corruptio·

304 1039 385 1093 nee,
420 1015 543 1080 formae
571 1029 606 1077 et
635 1010 762 1100 lpecier
793 1016 999 1100 procedere,
1032 1027 1072 1076 ut
1097 1010 1168 1097 iple
1190 1009 1291 1074 etiam
1312 1010 1350 1074 in
1374 1010 1423 1075 eia

306 1103 367 1176 lit,
391 1099 416 1164 fi
436 1097 473 1163 in
496 1095 653 1163 omnibus
676 1091 736 1172 est,
759 1093 920 1182 ignorant
943 1095 1002 1183 qui
1025 1093 1109 1160 dicit
1132 1095 1260 1158 nullam
1274 1092 1422 1242 Ἕω·

307 1183 424 1250 dinem
445 1180 484 1250 in
505 1177 721 1244 univerlitate
743 1179 848 1245 totiue
872 1194 1042 1244 creaturae
1062 1179 1154 1264 polle
1175 1177 1257 1253 elle,
1291 1201 1314 1242 ιι
1367 1200 1423 1244 arn

194 1337 200 1346 ,
305 1264 470 1348 malitiam
498 1263 530 1330 ei
554 1283 699 1338 nocere,
730 1263 825 1328 nullo
850 1283 959 1328 errore
984 1259 1055 1326 falli
1076 1263 1132 1324 vel
1154 1258 1299 1326 seduci?
1331 1263 1424 1350 quod

307 1349 399 1416 enim
417 1344 514 1436 parti
543 1345 728 1444 contingit,
761 1344 798 1410 in
830 1360 905 1412 toto
932 1345 1006 1410 fieri
1026 1347 1119 1408 Deua
1140 1363 1213 1408 non
1233 1342 1329 1418 finit,
1364 1365 1422 1410 cu·

304 1437 360 1516 iua
380 1453 446 1497 nec
466 1427 691 1496 universitatis
714 1427 891 1573 turpitudo
913 1427 1020 1515 turpia
1043 1427 1104 1504 est,
1127 1447 1192 1492 nec
1213 1426 1343 1492 malitia
1360 1449 1421 1492 no·

306 1533 378 1592 cet,
408 1535 474 1580 nec
501 1534 593 1578 error
614 1527 711 1578 errat.
787 1511 917 1598 urpiter
938 1511 1076 1597 quidern
1098 1509 1312 1586 viventibus,
1346 1527 1423 1576 eta

305 1599 453 1666 veritate
479 1596 669 1661 errantibus
704 1594 816 1680 turpia
836 1595 990 1670 honella,
1025 1595 1113 1658 mala
1133 1595 1242 1671 bona,
1277 1595 1423 1686 mantia

164 1751 177 1770 ,
284 1746 287 1760 ,
305 1697 416 1755 recta,
438 1701 541 1766 prava
561 1678 643 1758 justa
663 1692 828 1824 putantur
848 1679 922 1743 effe.
955 1679 1110 1764 Quorum
1131 1675 1363 1762 turpitudine,
1385 1693 1424 1742 et

306 1763 454 1837 malitia,
478 1778 513 1826 et
533 1781 643 1826 errore
678 1759 820 1834 ublatia,
846 1759 1038 1848 omnia'pie
1059 1757 1340 1845 intelligentibus,
1362 1783 1424 1846 pu·

308 1869 346 1911 ra
366 1845 535 1932 perfecta,
556 1843 755 1928 impolluta,
776 1844 874 1906 valde
894 1846 1003 1912 bona,
1026 1841 1121 1904 omni
1144 1861 1254 1906 errore
1275 1843 1423 1908 carentia

305 1940 500 2000 remanent,
535 1939 570 1990 et
602 1945 674 1988 non
697 1921 850 2008 cogitant
872 1925 965 2010 quod
986 1923 1074 2004 sacra
1096 1923 1302 2008 pronunciat
1322 1927 1424 2014 [crip-

307 2021 402 2086 tura',
430 2032 522 2076 omna
552 2007 670 2070 datum
696 2009 881 2088 optimum,
916 2020 950 2070 et
976 2029 1068 2070 omne
1097 2007 1216 2071 donum
1234 1998 1423 2096 perseriano

193 2141 197 2152 .
306 2089 495 2186 desursum
517 2087 592 2188 est,
606 2085 805 2179 descendeus
825 2113 848 2152 a
869 2093 970 2154 Putre
989 2091 1164 2172 luminum:
1183 2091 1264 2156 Dati
1285 2093 1422 2179 quidem

306 2177 475 2245 vocabulo
498 2195 654 2240 omnium
674 2195 787 2237 rerum
807 2173 1034 2238 substantiales
1053 2173 1330 2250 constitutiones,
1355 2182 1422 2243 Do·

306 2261 346 2329 ni
367 2281 450 2324 vcro
470 2257 633 2331 virtuter,
689 2255 790 2320 uibua
803 2271 953 2320 ,ornatur
973 2256 1129 2320 universa
1150 2273 1291 2335 natura,
1316 2263 1423 2326 decla·

306 2363 403 2412 rano:
437 2355 472 2404 et
500 2343 586 2414 hoc,
614 2338 673 2404 [ub
700 2337 793 2403 antia
818 2337 982 2404 videlicet
1010 2355 1045 2403 et
1070 2338 1197 2415 virtue,
1230 2343 1272 2408 de
1293 2345 1421 2410 lrulum

308 2421 483 2493 descendit
510 2444 529 2487 a
555 2437 651 2507 patre
682 2419 871 2498 luminum,
904 2425 970 2486 hoc
992 2423 1052 2498 est,
1088 2445 1128 2487 ex
1149 2423 1245 2490 fonte
1267 2427 1422 2494 omnium

307 2511 492 2580 honorum,
527 2507 621 2576 Deo,
655 2503 715 2589 qui
742 2503 780 2590 in
811 2503 925 2586 omnia
954 2505 1154 2592 quaesunt,
1187 2523 1221 2570 et
1264 2532 1328 2574 uae
1350 2533 1421 2576 non

308 2589 583 2678 funtproiluena,
604 2586 643 2652 in
664 2585 828 2661 omnibua
844 2587 901 2662 fit,
933 2588 1002 2656 fine
1023 2611 1091 2676 quo
1112 2589 1200 2654 nihil
1265 2595 1421 2680 epotest.

308 2675 395 2750 Sed,
426 2687 466 2736 ut
487 2669 637 2757 Opinon,
667 2668 746 2734 latis
768 2673 811 2734 de
831 2669 956 2748 nihilo,
981 2675 1022 2738 de
1067 2693 1112 2736 uo
1136 2675 1218 2741 deus
1239 2677 1355 2742 omnia
1375 2680 1421 2743 fe·

310 2757 378 2834 cit,
414 2769 528 2820 actum
550 2753 603 2818 est.
644 2753 693 2816 Μ.
716 2751 804 2824 satir
824 2753 989 2840 profecto.
1065 2777 1150 2842 eque
1168 2759 1256 2824 haec
1276 2759 1422 2827 dicimur

307 2842 446 2907 illorum
466 2837 598 2904 lenium
617 2837 826 2913 refutantes,
850 2836 910 2925 qui
931 2841 973 2903 de
993 2837 1124 2916 nihilo,
1148 2861 1216 2926 quo
1236 2842 1344 2909 totius
1364 2847 1422 2910 ha·

192 2962 199 2972 ·
301 2920 477 2998 ‘hirudinis
508 2918 655 3009 privatio
678 2918 901 3007 significatur,
930 2924 1031 2987 deum
1062 2921 1177 2988 om'nia
1206 2925 1317 2992 fecille
1337 2927 1421 2993 arbi·

308 3023 458 3084 trantur,
487 3027 560 3070 non
581 3019 695 3068 autem
718 3006 760 3067 de
780 3003 912 3081 nihilo,
945 3025 1012 3092 quo
1028 3003 1365 3092 'supereffentialitae,
1385 3027 1420 3076 et

309 3087 604 3180 supernaturalitas
633 3085 769 3152 divinae
794 3085 957 3152 bonitatia
989 3111 1008 3153 a
1037 3089 1222 3180 Theologie
1242 3091 1419 3173 innuitur;

307 3177 349 3240 In
370 3175 502 3239 Theolo
529 3171 589 3235 'cio
609 3169 772 3257 liquidem
792 3170 918 3258 regulis
939 3173 981 3235 ad
1001 3173 1267 3272 Investigandam
1282 3176 1420 3246 divinae

308 3273 449 3355 naturae
466 3191 722 3328 suffimitatem,
747 3268 781 3351 pt
798 3253 1250 3352 inconprehenssbilrtatcm,
1273 3261 1350 3346 plue
1365 3283 1421 3326 ne·

310 3341 461 3437 gationis·
488 3359 589 3482 puarn
606 3335 840 3436 'affirmauonrp
861 3353 969 3484 »prtua
989 3341 1097 3404 valet:
1127 3361 1228 3487 ‹puam
1248 3343 1349 3430 fiquia
1370 3343 1420 3409 in·

253 3468 258 3476 ’
307 3439 486 3603 littra?
494 3435 648 3590 tilii:
669 3437 971 3592 tt'ssffl‘tlli
990 3426 1251 3574 “textili
1264 3428 1421 3576 tilii

309 3609 373 3677 ego
402 3607 507 3652 miror
534 3605 744 3673 cognoscens
764 3589 842 3673 pluo
861 3586 1077 3674 negationes,
1108 3611 1209 3677 quam
1232 3590 1420 3658 affirmatio·

308 3693 369 3737 ner
398 3670 546 3736 Divinae
572 3667 782 3756 cognitioni,
821 3669 900 3734 telle
930 3671 1021 3736 [acro
1049 3671 1228 3757 Dionyfio,
1270 3677 1420 3765 coaptari

333 3755 409 3820 olle.
451 3757 501 3818 M.
523 3751 603 3818 Non
624 3749 782 3839 negabis,
814 3767 855 3816 ut
876 3752 1019 3840 opinor,
1055 3774 1177 3822 cuncta
1199 3781 1285 3846 quae
1307 3763 1350 3825 de
1369 3759 1420 3826 ni·

306 3777 383 3903 iilo
402 3838 490 3904 facta
511 3837 573 3901 elle
594 3835 757 3922 scriptura
778 3835 929 3913 testatur,
949 3857 1053 3904 unam
1075 3843 1242 3926 quandam
1263 3837 1419 3910 naturam

307 3941 524 3988 communem
547 3918 722 3996 omnibua,
751 3923 847 4000 cujua
867 3919 1129 4008 participatione
1149 3925 1341 4006 rubtttunr,
1373 3927 1419 3992 le·

307 4008 461 4088 cundunr
488 4002 757 4100 uniuscujusque
783 4003 1040 4090 proportionem
1060 4005 1233 4094 poffidere‘.
1276 4013 1320 4075 D.
1342 4013 1418 4078 Hoc

307 4109 431 4176 negare
458 4087 526 4150 risu
549 4087 592 4149 ell
614 4089 766 4174 drgnum.
810 4087 988 4154 credimur
1009 4112 1173 4183 namque,
1204 4108 1239 4158 et
1258 4091 1419 4181 intelligl-

306 4176 516 4238 muasseuaa
537 4169 664 4246 fimu1,-
681 4183 717 4234 ct
737 4169 868 4250 semel,
892 4191 1112 4246 communem
1130 4176 1285 4246 omniurn
1306 4197 1420 4246 rerum
