3048 4856
267 276 387 362 ,aaa
601 221 691 354 'aa
710 277 894 348 aarum
914 274 1088 348 aaran.

313 459 419 550 igitur
440 457 582 537 dicunt,
619 463 787 528 mundum
810 462 1002 551 privatione
1023 457 1176 527 factumi
1208 457 1347 524 [renim
1369 461 1442 524 boe
1502 473 1503 490 ¹

311 565 431 609 verum
451 543 549 616 eliet,
574 547 737 612 constaret
757 547 866 635 ipsum
884 549 1051 612 mundum
1068 542 1306 609 habitudinem
1352 564 1439 606 uan·
1502 555 1503 640 l

313 631 390 695 dam
415 625 562 692 habuitle
582 629 778 730 priusquam
801 631 915 696 lieretr
946 645 981 694 at
999 630 1024 695 fi
1043 629 1106 705 fic,
1135 629 1306 716 quomodo
1363 626 1436 690 abi·
1502 641 1503 696 l

311 710 442 776 tudinis
471 711 549 774 luae
578 712 806 798 privatronem
831 713 1029 802 pateretur?
1061 715 1187 776 fivero
1208 711 1304 790 nullo
1326 713 1436 774 modo

313 810 401 870 erat,
430 794 626 942 priuaguam
655 798 768 873 fieret,
799 798 893 864 omni
922 797 1124 862 habitudine
1159 794 1295 859 caraille
1316 795 1437 858 nullus
1502 805 1503 898 l

311 877 501 966 sapientum
547 880 673 946 ubitat:
706 897 739 946 at
760 883 783 946 fi
805 880 899 946 omni
918 879 1121 944 habitudine
1141 877 1266 952 caruit,
1290 899 1435 962 quomo·
1502 905 1503 960 χ

318 965 362 1030 do
386 965 427 1026 de
448 960 639 1048 privatione
661 965 872 1032 habitudinis
893 965 969 1030 luae
985 963 1057 1028 fieri
1073 961 1205 1048 potuit,
1229 983 1328 1046 quam
1347 983 1440 1025 nun·

316 1067 416 1132 quam
437 1043 583 1110 habuiti
607 1051 722 1113 eadem
747 1049 833 1114 ratio
856 1048 900 1112 est
922 1051 963 1113 de
983 1046 1149 1124 absentia,
1173 1044 1438 1109 Absentianam·

312 1151 379 1228 que
401 1128 444 1193 est
466 1129 515 1192 rei
541 1135 715 1212 cujusdam
735 1130 938 1218 praesentia,
972 1133 1026 1194 rel
1047 1129 1201 1216 praeiens
1224 1127 1297 1192 fieri
1318 1129 1437 1190 valen·

311 1227 357 1276 tta
380 1233 398 1276 a
420 1213 565 1277 renfihus
587 1215 731 1280 ablatio:
770 1216 794 1279 fi
816 1237 894 1301 ergo
916 1215 1064 1278 mundus
1087 1215 1129 1277 de
1151 1211 1300 1276 absentia
1323 1211 1435 1275 factus

314 1295 375 1370 ell,
415 1294 587 1394 praecellit
625 1298 736 1386 aliqua
771 1314 910 1373 natura,
950 1301 1045 1376 cujus
1079 1293 1229 1360 absentia
1261 1293 1438 1360 condendi

311 1381 433 1444 munda
462 1379 589 1444 occafio
617 1382 705 1446 facta
740 1383 801 1456 ell;
835 1397 868 1445 et
888 1380 958 1466 ipsa
980 1396 1116 1453 natura,
1147 1393 1206 1441 aut
1228 1379 1342 1452 Deus,
1377 1393 1438 1440 aut

312 1477 464 1526 creatura
479 1479 578 1538 erat:
601 1481 635 1528 et
655 1466 679 1530 fi
702 1467 805 1539 Deua,
826 1479 993 1551 cogentur
1014 1462 1122 1536 fateri,
1146 1483 1185 1525 ex
1207 1459 1356 1524 Divinae
1376 1481 1436 1524 na·

314 1559 408 1610 turae
437 1546 586 1610 absentia
614 1551 781 1612 mundum
812 1549 940 1611 factum
962 1546 1076 1614 fuille:
1109 1545 1133 1609 sa
1155 1565 1239 1608 vero
1259 1545 1434 1616 Creatura,

311 1627 493 1693 necellario
515 1627 676 1706 vifibilis,
709 1646 767 1694 aut
787 1629 964 1694 invifibilis
987 1629 1068 1706 erit;
1102 1626 1304 1701 livilibilia,
1329 1625 1436 1690 alium

314 1715 483 1776 anundum
504 1709 667 1776 visibilem
689 1711 889 1799 praeceffille
912 1715 1072 1776 debemus
1095 1713 1247 1775 credere:
1276 1709 1435 1773 liinvih-

314 1793 410 1867 bilis,
442 1815 507 1878 qua
537 1791 669 1858 ratione
691 1796 845 1880 cogimur
864 1799 1051 1858 concedere
1075 1797 1116 1856 de
1137 1791 1312 1856 invifibilia
1334 1809 1434 1856 natu·

312 1895 368 1940 rae
391 1873 539 1938 absentia
560 1880 726 1940 mundum
749 1877 844 1939 illum
869 1877 994 1938 lactum
1018 1875 1131 1950 fuille,
1162 1889 1220 1936 aut
1242 1897 1315 1938 eam
1336 1877 1436 1958 peni·

313 1975 368 2023 tus
398 1959 566 2023 mundum
597 1957 816 2046 pracceffille:
851 1961 1022 2045 quomodo
1057 1960 1098 2021 de
1121 1958 1268 2020 absentia
1290 1959 1345 2021 vel
1367 1961 1435 2046 pri-

311 2041 449 2106 vatione
470 2063 605 2122 rerum,
632 2065 718 2129 quae
739 2065 914 2130 nunquam
937 2055 1049 2116 erant,
1073 2043 1221 2104 mundus
1244 2041 1353 2104 factus
1375 2043 1432 2118 est,

312 2145 383 2190 non
406 2123 582 2210 intelligo:
604 2123 627 2188 st
651 2147 729 2189 vero
753 2123 827 2211 quia
852 2125 974 2188 dixerit
995 2145 1106 2210 neque
1128 2123 1357 2210 privationem
1377 2129 1435 2190 ha-

312 2205 498 2283 bitudinis,
521 2228 633 2293 neque
655 2207 838 2274 absentiam
862 2205 1003 2287 alicujus
1025 2206 1231 2293 praesentiae
1245 2207 1356 2272 nihilo
1372 2231 1436 2273 no·

311 2291 405 2356 mine
433 2287 631 2376 fignificari:
665 2291 722 2354 sed
751 2292 973 2372 universalem
1005 2290 1109 2354 totius
1136 2289 1368 2366 habitudinis,
1400 2309 1435 2356 et

313 2372 488 2448 ellentiae,
520 2375 576 2436 vel
605 2372 822 2450 substantiae,
856 2373 913 2438 vel
934 2371 1147 2450 decidentia,
1182 2389 1215 2437 et
1238 2373 1434 2460 fimpliciter

313 2455 484 2532 omnium,
510 2475 596 2542 quae
612 2453 692 2531 dici,
716 2471 751 2520 et
766 2455 876 2520 intelli
902 2455 1076 2544 ipollunt,
1097 2455 1327 2544 negationem,
1351 2480 1434 2524 con·

314 2539 469 2604 cludetur
489 2539 553 2603 stc:
584 2555 624 2600 eo
648 2555 726 2625 ergo
749 2479 932 2618 vocabulo,
966 2541 1068 2604 deum
1088 2539 1203 2606 vocari
1224 2541 1355 2606 necelle
1375 2543 1431 2618 eil,

314 2621 373 2710 qui
405 2623 492 2687 lolut
524 2619 706 2708 negatione
735 2621 890 2687 omnium
922 2624 1124 2710 quaesunt,
1160 2623 1298 2770 saroprie
1318 2624 1433 2690 innui·
1502 2687 1503 2704 ,

313 2724 388 2784 tur;
422 2705 501 2794 quia
534 2705 572 2768 lu
599 2725 634 2768 er
656 2726 758 2770 omne
780 2709 873 2794 quod
895 2691 1019 2772 dicitur
1041 2723 1075 2772 et
1094 2706 1316 2794 inteligitur,
1347 2711 1432 2773 exal·

306 2805 428 2872 tratur,
453 2787 512 2887 qui
532 2727 666 2854 nullum
688 2811 823 2878 eorum,
880 2810 943 2853 uae
964 2791 1062 2864 lunt,
1087 2807 1120 2854 et
1141 2811 1227 2878 quae
1247 2813 1319 2857 non
1342 2793 1431 2868 lunt,
1502 2849 1503 2864 ,

313 2873 375 2949 ett;
413 2895 472 2972 qut
505 2869 627 2936 melina
654 2873 836 2939 nesciendo
858 2812 978 2938 icitur:
1017 2895 1054 2938 ac
1102 2896 1136 2937 er
1158 2879 1224 2938 hoc
1245 2873 1335 2937 inter
1354 2897 1430 2950 noa,
1502 2893 1503 2930 l

312 2957 371 3044 qui
392 2957 592 3021 ndebamur
614 2954 801 3032 dillentire,
837 2957 1037 3022 conveniet:
1072 2897 1097 3020 i
1118 2973 1230 3022 autem
1252 2957 1431 3056 responde-

311 3040 375 3115 rit,
407 3062 519 3127 neque
553 3041 646 3104 illam
664 3041 881 3139 negationem
906 3040 981 3106 dico
1004 3039 1113 3104 nihilo
1135 3041 1331 3128 tignilican,
1364 3065 1430 3128 qua

311 3141 454 3212 negatur
475 3129 566 3188 Deua
590 3124 652 3188 elle
674 3127 757 3212 quad
775 3145 1011 3212 eorumquae
1027 3125 1123 3199 lunt;
1146 3125 1201 3188 led
1218 3125 1322 3200 illam,
1342 3147 1429 3211 quae

251 3261 257 3268 .
310 3225 413 3294 negat
441 3207 570 3282 Deum',
606 3221 641 3270 et
672 3223 876 3286 creaturam
917 3205 1096 3272 necellario
1125 3207 1303 3282 fatebitur,
1337 3211 1430 3295 quod

311 3284 661 3376 negari'conabatur,
695 3294 761 3356 hoc
789 3290 849 3367 est,
888 3295 929 3355 de
960 3289 1142 3378 negatione
1172 3289 1360 3378 privativa,
1394 3309 1430 3356 et

312 3389 481 3438 creaturae
508 3377 676 3437 mundum
707 3375 835 3440 factum
864 3375 970 3440 suilla.
1013 3377 1162 3438 Mundus
1192 3375 1354 3462 liquidem
1386 3379 1429 3440 de
1502 3407 1503 3414 ¹

310 3455 449 3522 materia
477 3455 619 3520 lnformi
647 3457 757 3522 factus
791 3459 852 3534 est;
882 3456 1021 3523 materia
1042 3455 1198 3522 informis
1220 3462 1262 3521 de
1285 3457 1428 3524 omnino

311 3537 440 3616 nihilo,
471 3559 509 3604 ac
530 3561 590 3626 per
611 3543 694 3615 hoc,
729 3557 763 3604 at
784 3545 932 3606 mundus
956 3543 997 3605 de
1019 3539 1159 3606 omnino
1183 3539 1303 3606 nihilo.
1348 3545 1428 3608 Non

311 3621 423 3699 enim,
458 3639 498 3686 ut
527 3621 667 3710 opinor,
704 3625 843 3695 audebit
874 3623 1002 3698 dicere,
1034 3645 1135 3688 omne
1157 3629 1250 3712 quod
1274 3625 1335 3702 est,
1368 3623 1430 3690 iut

312 3709 405 3771 Deua
429 3705 490 3780 cst,
522 3723 579 3771 aut
598 3723 750 3774 creatura
772 3709 832 3786 ell,
866 3721 924 3774 aut
943 3726 1008 3772 nec
1029 3709 1141 3783 Deus,
1169 3729 1235 3774 nec
1256 3725 1427 3792 creatura3

312 3805 390 3854 nam
411 3789 437 3855 fi
458 3789 597 3864 dixerit,
621 3790 712 3856 inter
733 3813 810 3869 eoa,
833 3791 892 3880 qui
915 3790 1035 3856 dicunt
1052 3783 1225 3856 materiam
1242 3795 1316 3858 Deo
1333 3814 1428 3858 coae-

249 3953 252 3960 .
310 3888 440 3940 ternam
463 3877 542 3947 elie.
568 3875 837 3962 computabitur,
861 3877 903 3940 de
925 3897 991 3964 qua
1012 3879 1105 3942 Deua
1125 3879 1292 3941 mundum
1315 3875 1428 3941 facille

310 3959 349 4021 ah
373 3957 414 4022 iia
435 3963 633 4104 Katabaturr
658 3963 702 4023 At
722 3959 746 4023 li
763 3983 865 4026 omne
880 3962 972 4058 quod
990 3959 1054 4034 est,
1078 3975 1136 4023 aut
1153 3962 1246 4024 Deua
1264 3976 1323 4024 aut
1339 3982 1428 4026 crea·

310 4055 383 4104 tura
416 4061 433 4104 e
468 4088 478 4117 ,
514 4059 548 4106 et
573 4065 674 4108 nemo
707 4043 811 4108 lanua·
834 4045 865 4107 la
891 4063 966 4108 rena
990 4041 1362 4110 aestimavitmundurn
1384 4046 1427 4108 de

307 4123 490 4212 negatione
512 4125 576 4190 Dei
605 4141 639 4191 et
661 4123 842 4192 creaturae
863 4067 1016 4204 iictum,
1054 4126 1139 4192 relin
1164 4127 1258 4192 uitur
1279 4128 1347 4194 [ola
1369 4127 1427 4191 illa

307 4207 445 4295 ingnio
466 4207 508 4274 ad
530 4205 660 4275 canlhm
683 4209 804 4276 mundi
825 4209 996 4287 faciendi,
1020 4225 1105 4296 quae
1128 4150 1297 4278 allatione
1319 4210 1426 4276 totiau
