2952 4824
442 191 553 330 tran
569 237 769 331 ennea.
1092 252 1167 324 roe

131 455 176 524 ¹&
207 445 250 512 D.
278 441 457 530 ingredere
484 440 606 530 quovit
627 437 764 518 ordine,
794 459 835 507 eo
860 437 952 504 enim
971 443 1074 506 modo
1096 463 1164 528 quo

77 531 247 616 praesentet
276 525 481 615 quaestionee
509 527 553 592 ‹le
582 522 823 612 quadripartita
851 520 1048 588 universalia
1069 541 1165 589 natu·

58 635 123 678 ·ne
139 611 296 678 divisione
338 609 503 696 repositae
522 610 620 684 sunt,
642 629 715 676 non
726 608 924 693 incongrue
941 607 1165 706 explanandae

78 697 129 758 elle
146 694 274 782 opinor.
355 739 364 758 .
385 691 669 760 Ratiocinationia
690 690 866 757 exordium
891 709 931 754 ex
952 689 1078 756 divinia
1099 693 1165 756 elo·

78 777 150 865 quiin
173 779 399 842 assumendum
420 776 483 840 esse
505 775 650 842 aestimo.
685 778 729 840 D.
750 773 809 840 Nil
830 773 1102 850 convenientius,
1126 796 1166 840 ex
1211 790 1220 816 ⁶

76 883 107 926 er
130 861 217 926 enim
251 881 387 927 omnem
415 857 567 924 veritatis
597 857 850 946 inquistionem
876 855 1015 922 initium
1037 859 1167 923 sumere

76 944 273 1009 necessarium
293 945 348 1008 esi.
390 945 437 1008 M.
459 941 693 1008 Diviniffimua
713 945 899 1028 propbeta,
921 941 1053 1006 Moisen
1076 941 1165 1018 dico,

74 1027 106 1176 ἰὸ
122 1026 286 1175 principio
306 1026 393 1175 liprp
414 1027 599 1102 Geneseoa‚
621 1029 688 1173 'Inl
702 1027 889 1107 Principio,
902 1018 1167 1174 sinqppt,ssepit

106 1135 208 1178 rusco
261 1135 331 1176 me
384 1131 508 1175 errant:
551 1131 597 1175 uo
619 1131 655 1174 an
691 1129 887 1174 ocoomnee
927 1129 990 1174 anc
1025 1133 1044 1174 e
1080 1131 1127 1174 cn
1152 1143 1166 1160 ·

76 1209 154 1259 turae
172 1195 372 1282 expositorea
393 1133 597 1282 ingeniiqrui
620 1215 762 1260 acumen
786 1206 1026 1269 exercuerunt,
1060 1133 1166 1259 divel-

74 1277 164 1366 fioque
183 1274 431 1378 intelligentiae
450 1277 579 1352 modia,
601 1276 684 1376 guid
704 1275 791 1342 coeli
812 1275 970 1352 nomine,
992 1274 1076 1362 quid
1103 1291 1168 1341 ter-

74 1361 1167 1534 ttott‘gtltttlttdldtltlttltttltttitztltzt

78 1529 140 1591 dam
158 1527 489 1615 comprehenfionem
510 1525 616 1592 totius
637 1528 805 1614 perfectae
825 1542 966 1592 naturae
988 1525 1041 1590 hie
1055 1525 1167 1592 verbis

77 1609 215 1678 infinumi
249 1610 434 1676 aestimant.
476 1610 574 1676 Coeli
602 1611 741 1696 quidem
770 1609 912 1678 nomine
939 1624 1046 1674 totam
1073 1607 1167 1696 spiri·

78 1695 184 1760 tualem
213 1693 546 1781 intellectualemque
575 1687 748 1770 naturam,
780 1691 954 1759 conditam
980 1707 1080 1791 atque
1101 1692 1167 1757 ior·

77 1793 195 1854 matam
239 1781 382 1844 Terram
415 1798 496 1844 vero
525 1797 662 1842 omnem
692 1798 888 1864 corpoream
915 1776 1168 1864 sensibilemque

78 1859 131 1924 laia
149 1859 391 1947 pmiectiffimie
413 1859 670 1944 definitionibua
694 1861 926 1937 constitutam,
949 1858 1101 1926 intimari
1118 1881 1168 1924 ar·
1185 1865 1203 1894 '

76 1941 233 2010 bitrantnr.
281 1943 350 2009 dlii
374 1941 618 2010 informitatem
649 1944 825 2031 utriusque
854 1958 1042 2020 creaturae,
1073 1941 1168 2029 spiri·

79 2028 162 2091 tualia
191 2028 331 2117 quidem
362 2025 513 2092 nomine'.
534 2025 639 2101 coeli;
680 2042 786 2092 terrae
815 2048 896 2090 vero
928 2025 1166 2113 appellatione,

78 2109 179 2176 nundi
208 2116 313 2193 bnjua
344 2107 524 2208 corporalia
553 2107 808 2174 inchoationem
828 2111 965 2174 suadere
987 2125 1166 2178 conantur.

79 2192 131 2256 dlii
150 2195 249 2262 totius
273 2191 433 2258 sensibilia
455 2207 625 2258 creaturae
647 2193 746 2277 (quae
766 2189 873 2254 veluti
896 2193 1025 2256 duabue
1043 2189 1169 2278 princi·

79 2275 190 2362 palibm
209 2276 381 2378 partibue,
415 2277 511 2342 coelo
534 2274 610 2340 dico
632 2288 667 2338 et
687 2289 793 2349 terra,
821 2272 1008 2360 perficitur)
1030 2273 1183 2340 creatio-2

75 2363 158 2437 'nem‚
184 2365 237 2427 lna
258 2357 372 2426 verbit
395 2357 539 2425 indicari
561 2356 741 2433 affinnant;
773 2357 821 2422 ita
841 2371 881 2422 ut
901 2357 988 2422 nihil
1011 2359 1053 2422 de
1074 2355 1168 2445 spiri·

79 2443 160 2508 masia
185 2459 360 2510 creaturae
390 2441 589 2508 conditione
608 2441 646 2506 in
669 2443 737 2508 hoc
756 2442 832 2508 loco
852 2439 1078 2526 significetur,
1113 2441 1169 2508 sed

80 2525 271 2594 solummodo
311 2525 561 2612 plenitudinem
591 2545 772 2612 corporeae
802 2539 972 2590 creaturae
1002 2526 1169 2611 propheta

79 2611 205 2675 voluerit
226 2609 427 2677 describere.
468 2611 560 2674 Inter
578 2612 639 2674 baa
662 2607 753 2674 enim
777 2609 858 2673 duat
878 2623 1006 2693 parter,
1033 2609 1167 2676 coelum

79 2689 141 2756 dico
161 2709 193 2758 et
211 2711 354 2770 taram.
391 2691 500 2758 veluti
520 2693 610 2758 inter
630 2693 792 2778 quondam
814 2693 899 2756 duos
921 2705 1086 2756 extremoe
1106 2707 1170 2758 ter·

79 2775 188 2852 minor,
219 2801 237 2842 a
273 2775 305 2840 se
325 2773 508 2840 seinvicem
530 2773 709 2849 diaeretoe,
743 2773 810 2840 saie
829 2773 1068 2840 medietatibus
1089 2795 1169 2840 con·

79 2879 181 2935 neret,
222 2864 327 2938 hu'pue
364 2857 485 2922 mundi
524 2856 683 2921 sensibilia
715 2858 965 2922 universitatem
993 2857 1170 2923 harmonia

80 2945 200 3024 quadarn
227 2941 377 3008 natarali
405 2961 480 3006 com
507 2941 621 3006 ostam
653 2943 944 3025 coadunatamque
975 2941 1038 3004 else
1069 2940 1170 3006 certia

78 3023 244 3092 rationibus
271 3027 426 3088 edocent.
494 3027 536 3116 ed
558 3025 700 3108 longum
722 3023 783 3095 est,
807 3021 1036 3108 etpraesentie
1059 3023 1170 3121 operia

78 3110 226 3194 proposito
259 3105 525 3182 inconveniena‚
556 3127 617 3192 per
647 3105 790 3168 diversae
813 3105 1018 3170 diversorum
1039 3105 1172 3192 opinio·

79 3211 127 3253 nea
146 3193 266 3256 multae
289 3211 328 3254 ac
347 3190 454 3254 variae
476 3189 662 3254 sermonem
679 3189 876 3263 extenderet
898 3189 1172 3274 superfluumque

79 3271 230 3338 ridebitur
253 3273 398 3338 aliorum
418 3272 611 3338 intellectae
634 3274 676 3336 de
696 3269 891 3350 hujusmodi
912 3270 1072 3357 negotio,
1109 3271 1171 3336 nist

79 3357 262 3423 ubisumma
270 3353 567 3442 neceffitaeexigit,
581 3353 807 3418 introducere.
829 3353 918 3418 Mihi
928 3369 1039 3419 autem
1050 3356 1172 3420 multo·

79 3461 140 3504 rom
156 3443 268 3506 seusun
288 3439 521 3514 consideranti,
535 3437 585 3502 nil
595 3435 815 3583 probabilius,
832 3437 882 3500 nil
897 3437 1108 3528 neristmiliut
1118 3459 1173 3504 oc·

79 3520 1175 3689 tlibtzt‚¹²2{bt‘ttstit..‘ttttltllltttti‘ltltt

78 3690 191 3765 musae,
223 3711 308 3778 quat
345 3686 505 3758 Peterin
526 3685 707 3774 unigenito
727 3688 787 3752 suo
808 3686 899 3762 filio,
932 3686 991 3774 qui
1000 3685 1175 3835 (principii

80 3774 292 3857 appellatione
317 3771 532 3847 nominatur,
563 3787 643 3836 ante
671 3769 787 3836 omnia
815 3791 901 3858 qnae
931 3791 996 3836 con
1037 3787 1071 3834 ta
1096 3771 1176 3834 sunt

79 3871 253 3934 uerterat,
279 3855 529 3943 intelligamuat
559 3869 594 3918 et
613 3853 700 3920 coeli
722 3853 864 3919 nomine
883 3875 995 3918 rerum
1015 3852 1176 3952 intelligi-

79 3936 184 4004 bilium
205 3939 466 4026 coelestiumque
485 3937 716 4012 essentiarum,
751 3953 857 4002 terrae
878 3958 959 4002 vero
981 3939 1177 4024 appellatio·

78 4041 116 4082 ne
135 4023 334 4088 sensibilium
353 4045 466 4090 rerum
486 4020 610 4121 quibua
630 4020 826 4086 universitas
846 4023 948 4100 bujae
963 4019 1085 4086 mundi
1103 4039 1176 4086 cor·

80 4105 189 4186 patalia
218 4109 423 4194 completur,
457 4103 664 4204 puncipelea
685 4105 843 4170 musnfi
891 4101 1019 4172 ificatat
1041 4104 1104 4168 else
1123 4101 1175 4166 in·

82 4185 267 4276 telligamut.
299 4193 342 4256 ll.
364 4187 528 4258 Similiter
548 4188 650 4258 etiam
670 4191 764 4256 hunc
785 4187 857 4254 inte
869 4189 996 4254 lectum
1013 4203 1175 4274 praecae·
1201 4241 1206 4254 .
