3038 4828
460 225 503 324 t
551 251 864 342 merenas·
1073 318 1077 328 .
1169 255 1249 334 aot

89 484 94 502 .
133 433 170 502 se
194 433 373 522 erigerem.
414 437 520 526 Quod
537 436 624 528 'ipse
652 436 854 528 Gregorius.
884 437 923 508 in
956 453 1052 520 t7mo
1069 437 1248 541 capiterio

133 521 306 603 dungina,
337 519 439 608 plane
462 521 587 609 aperit.
604 577 609 588 ,
629 525 716 590 Nam
736 523 910 611 postquam
930 521 1016 590 dixit
1034 523 1246 593 iirunouabi·
1293 528 1296 536 “

134 603 203 668 tem
224 599 371 670 animum
392 623 464 670 non
487 605 551 698 eliq
569 627 648 672 vere
670 606 834 684 animuin,
855 608 958 693 patulo
978 607 1244 695 postrubjunxit,

133 688 288 752 Discunt
305 701 471 754 amotores
491 693 601 756 camis
619 713 682 758 non
701 691 803 756 vatds
826 687 1060 780 devistbilibus
1090 692 1246 758 ammam

121 761 258 918 &aar
278 771 420 854 alligare
440 773 710 856 intelligentiam,
719 768 789 879 sed
807 778 1063 846 inanimarumo

189 875 229 920 us
259 877 398 920 vocure:
424 877 505 922 veru
530 862 655 943 quippe
673 881 786 925 mimo
806 861 841 922 in
860 860 1044 926 bominibus
1062 775 1245 952 afflictior·
1307 847 1312 862 ’

131 951 204 1015 tur,
232 933 351 1031 sensus
370 929 450 1006 vero
472 943 572 1006 etiam
593 945 628 1008 in
648 941 930 1010 irrationabilibus
948 943 1131 1030 aqualiter
1147 943 1244 1008 babe-
1372 942 1384 959 ⁰

132 1035 200 1086 tur.
246 1024 290 1085 D.
310 1023 564 1112 Unusquisque
590 1029 683 1112 quod
711 1029 787 1090 vult
812 1026 933 1112 eligit,
965 1043 1000 1092 et
1027 1029 1127 1114 quod
1148 1027 1192 1092 eli
1218 1027 1246 1092 't
1295 1061 1300 1070 ·

129 1105 308 1191 sequatur:
352 1127 416 1172 nos
448 1108 562 1174 autern
594 1112 637 1174 ad
668 1129 707 1174 ea
739 1130 825 1197 quae
853 1109 976 1176 restant
1003 1112 1245 1178 conatusne

132 1202 354 1254 transeamus·

190 1281 244 1351 42.
279 1273 328 1338 M.
354 1270 556 1340 Producant,
572 1297 678 1362 opacos
706 1275 827 1358 reptile
859 1277 989 1340 animos
1014 1279 1179 1353 viventis,
1208 1289 1245 1344 et

128 1354 271 1420 volatile
289 1350 398 1452 super
424 1370 546 1423 terram
563 1357 632 1460 sub
650 1359 865 1450 firmamento
884 1361 976 1425 coeli.
1018 1359 1086 1426 Hic
1101 1359 1244 1448 -quoqu'e

129 1437 273 1502 subaudi
294 1439 425 1506 animae
445 1441 611 1518 viventis,
634 1459 674 1524 ut
693 1442 862 1541 intelligas
883 1443 1174 1542 volatileqanimae
1193 1441 1244 1508 vi·
1320 1473 1329 1481 ·

128 1520 254 1586 ventis.
297 1524 377 1588 Plus
409 1523 500 1590 enim
532 1526 668 1592 animae
695 1526 845 1592 vivenns
876 1525 1067 1592 indiciam
1097 1526 1243 1592 sensibus

126 1602 338 1684 volatilium,
394 1628 473 1672 uam
500 1608 646 1694 piscium
678 1601 936 1696 dignosc'untur.
985 1609 1092 1687 Nam,
1127 1623 1169 1676 ut
1195 1605 1244 1674 ait

126 1685 289 1764 Basilius,
326 1712 348 1754 a
395 1693 464 1756 itus
491 1695 527 1757 iu
554 1694 704 1776 piscibus
730 1693 849 1758 tardus
877 1689 943 1783 est,
978 1688 1053 1786 visu
1081 1689 1244 1796 obtusione

125 1782 271 1854 propter
300 1793 418 1857 aptam
441 1777 578 1854 vident,
609 1790 645 1840 st
670 1799 773 1862 neom
800 1778 905 1855 malm
929 1780 1085 1844 memorias
1113 1780 1148 1842 irs
1176 1777 1244 1844 iuss
1287 1835 1295 1846 ,
1399 1837 1402 1852 ,

126 1853 200 1946 est,
221 1875 324 1942 usque
342 1855 664 1946 phontnfin‚'neqru
685 1853 1105 1951 consuetudinisscognitio.
1147 1861 1243 1926 Haec

126 1953 241 2002 autem
272 1939 387 2004 omnia
419 1960 491 2006 non
525 1941 639 2008 minus
659 1940 696 2006 in
721 1941 857 2018 avibus,
891 1943 961 2007 imo
983 1945 1059 2029 plus
1080 1964 1183 2029 quam
1202 1939 1242 2010 iu

79 2043 82 2046 ·
125 2020 325 2086 hominihus
354 2024 496 2108 pollent.
539 2023 665 2090 Merito
701 2039 813 2088 autem
836 2023 1007 2110 quaeritur
1028 2045 1131 2120 quare
1151 2027 1256 2091 vola·'

126 2101 202 2188 tilia
222 2125 264 2168 ex
284 2125 370 2192 aqua
390 2108 556 2190 producta
577 2106 742 2171 dicautur.
797 2105 1003 2172 credibilius
1024 2128 1171 2194 namque
1190 2107 1241 2173 vi·

76 2229 96 2248 .-
127 2189 280 2264 detenta,
326 2190 608 2262 ,uemadmodum
643 2187 801 2252 animalia
829 2205 950 2254 terram
977 2189 1167 2255 habitantis
1196 2191 1240 2258 de

126 2284 215 2336 terra
241 2273 337 2358 perhr
363 2287 463 2336 entur
496 2287 625 2348 creata,
665 2271 713 2336 ita
743 2269 845 2337 etiam
878 2269 986 2359 pisces
1014 2273 1238 2358 solummodo,

125 2373 232 2441 aquae
254 2355 391 2442 quidem
438 2355 620 2431 ossellores,
651 2357 694 2420 de
716 2373 819 2442 aqua3
848 2354 1000 2420 volatilia
1020 2377 1118 2432 vero,
1175 2358 1240 2424 une

124 2446 199 2502 adra
219 2447 372 2512 tranant,
410 2377 452 2502 ie
476 2447 551 2504 aere
571 2459 707 2537 quoque
729 2435 844 2504 creari.
887 2439 953 2504 Sed
975 2438 1058 2506 huic
1079 2461 1164 2526 quae
1193 2437 1240 2506 'o-

124 2521 164 2586 ni
193 2519 440 2586 rationabiliter
467 2537 656 2588 occurritur
685 2523 889 2609 sequanam
914 2536 1033 2587 natura
1055 2524 1239 2590 confidere·

124 2620 202 2682 tur,
233 2625 373 2702 quarum
401 2607 488 2668 duae
514 2605 639 2690 species
667 2605 762 2676 sunts
793 2609 862 2672 uua
893 2605 1030 2694 quidem
1053 2605 1182 2672 marina
1203 2619 1240 2672 et

125 2687 294 2764 fluvialis,
323 2683 551 2775 craffiorisque
570 2687 761 2776 qualitatis;
790 2691 893 2756 altera
912 2709 994 2756 vero
1014 2689 1181 2776 vaporalis
1204 2701 1239 2754 at

123 2773 303 2847 nebulosa,
325 2769 525 2859 leviorque3
547 2788 583 2836 et
604 2769 735 2836 crassior
756 2771 894 2858 quidem
917 2786 1049 2838 terrena
1069 2771 1238 2838 soliditate

125 2854 285 2931 sussciturt
315 2853 424 2919 levior
442 2857 527 2919 vero
546 2863 639 2918 aerea
660 2853 876 2940 suspenditur
896 2854 1094 2930 serenitate,
1127 2858 1239 2921 donec
1294 2897 1299 2908 ·

125 2938 164 3016 in
186 2936 433 3006 crassitudinem
452 2951 622 3012 verutus,
646 2951 681 3000 et
701 2937 998 3023 ponderositatem,
1022 2959 1123 3024 quam
1145 2935 1239 3028 erili·

69 3081 79 3095 ,
125 3037 175 3087 tas
204 3025 278 3104 eiua
307 3020 463 3086 sustinere
492 3041 563 3086 non
595 3019 711 3106 potest.
762 3019 854 3086 Hinc
882 3018 1065 3086 conficitur
1090 3017 1238 3086 naturali

125 3103 408 3179 consideratione,
429 3103 563 3190 reptilia
584 3102 716 3168 animae
735 3101 899 3178 viventis,
923 3105 990 3168 hoc
1005 3103 1059 3179 esi,
1082 3101 1256 3170 omnium'

124 3187 271 3275 piscium
303 3209 425 3274 genera
454 3203 489 3250 ct
517 3186 659 3273 species,
694 3207 734 3251 ex
755 3183 901 3252 craffiori
921 3207 1082 3273 aquarum
1103 3185 1259 3276 specics
1309 3243 1319 3256 .

124 3271 276 3338 volatilia
304 3291 385 3336 vero
413 3269 562 3340 similiter
591 3268 628 3334 in
651 3269 832 3356 generibus
854 3285 889 3334 et
909 3267 1085 3357 speciebus
1106 3268 1174 3334 suia
1195 3289 1238 3334 ex

125 3354 246 3422 leviori
265 3352 380 3422 creari.
422 3356 468 3416 Et
488 3351 649 3441 quoniam
670 3352 752 3418 airis
771 3355 894 3433 hujus,
932 3351 991 3452 qui
1013 3353 1057 3418 esi
1076 3351 1168 3418 inter
1184 3354 1237 3417 lu·

124 3459 204 3504 nam
225 3453 419 3512 etcertum,
441 3434 586 3523 spatium
606 3435 643 3500 iu
667 3439 749 3501 duas
789 3443 875 3502 artes
890 3434 1072 3512 dividitur,
1094 3457 1238 3524 quarum

124 3519 278 3610 superior
303 3521 419 3588 serena
447 3518 585 3607 quidem
618 3517 682 3594 est,
712 3543 736 3584 n
787 3518 884 3607 isque
911 3517 1236 3607 perturbationibus,
1276 3563 1278 3570 ›

59 3613 64 3623 ’
124 3625 211 3692 qnae
231 3626 272 3672 ex
292 3601 453 3680 terrenis,
483 3601 714 3702 aquaticisque
733 3602 916 3702 vaporibus
936 3601 974 3668 in
998 3611 1073 3668 aire
1091 3623 1237 3669 nascun-

123 3703 197 3764 tur,
228 3685 392 3776 obnoxiu,
420 3684 562 3752 insertor
589 3706 672 3752 vero
693 3687 833 3752 humida
855 3685 900 3750 est
920 3700 955 3750 et
975 3683 1237 3774 corpulentioris

122 3770 316 3857 qualitatis.
345 3768 496 3840 motibus
525 3785 710 3836 ventorum
736 3767 1056 3858 conglobationibus
1076 3767 1235 3847 nubium.

123 3851 331 3940 caeterisque
351 3873 437 3942 quae
459 3873 499 3920 ex
518 3852 696 3920 vicinitate
717 3868 825 3919 terrae
842 3873 1071 3940 aquarumque
1084 3850 1236 3919 efficiun-

123 3949 198 4011 tur,
227 3939 497 4018 uccommodatat
531 3935 695 4037 quicquid
715 3957 756 4010 ex
776 3935 838 4002 illa·
854 3949 950 4024 parte
970 3935 1054 4002 aeris
1074 3935 1236 4004 humidae

125 4017 334 4108 aquosaeque
354 4019 524 4107 qualitatis
570 4019 579 4036 ‘
628 4035 716 4098 rtur,
739 4041 782 4086 ex
802 4026 876 4086 cire
896 4019 1001 4088 creari
1020 4041 1094 4087 nou
1115 4018 1235 4086 incon

122 4123 247 4192 gruum
267 4101 312 4166 est
332 4106 477 4170 credere.
551 4125 597 4172 ou
619 4101 713 4172 enim
729 4103 862 4191 possent
880 4103 1033 4186 volatilia
1054 4106 1144 4170 banc
1160 4121 1235 4191 par·

121 4201 194 4258 tem
221 4178 306 4256 airis
333 4183 620 4277 enusquisque
649 4185 800 4258 vicinam
819 4202 1041 4266 transmeare,
1073 4185 1234 4255 stabam

683 4315 692 4356 ,
933 4313 938 4324 .
