2970 4826
470 269 609 342 ‘moer
629 271 792 356 manhu.
994 271 996 276 ’
1120 267 1199 342 429
1264 327 1270 339 .

96 453 308 534 felicitatem.
341 473 442 604 paam
460 455 636 544 peccando
659 455 871 528 delemerat.·
886 452 1020 518 actione
1040 465 1077 518 et
1097 409 1200 519 leich-

98 559 149 691 lt
166 555 304 690 los?
317 539 1114 714 aalmalgdlztllllilillul
1139 539 1203 698 di}

72 773 77 784 ,
100 729 200 796 quarn
220 706 391 774 vindictae
412 706 456 771 in.
472 707 662 792 expulfione
684 646 833 794 hominia
862 705 903 768 de
925 702 1077 790 paradiso
1099 704 1203 768 inille.

100 795 178 858 Nun
214 789 305 856 enim
327 789 483 856 conditor
503 789 615 854 voluit
635 788 817 877 imaginem
842 787 930 852 luam
945 785 1093 856 ,omnino
1117 790 1205 852 dam·

100 897 196 951 nare,
217 871 329 939 voluit
348 889 461 939 antem
482 893 755 948 centenorum,
794 871 1079 958 multitudineque
1101 871 1205 936 scien·
1237 869 1241 886 '

100 959 166 1024 tiae
187 957 384 1032 exercitare,
407 953 536 1021 iuliane
556 953 638 1020 item
661 953 843 1043 sapientiae
862 954 970 1041 rigare
988 971 1022 1020 et
1038 955 1206 1020 illumina·

98 1063 151 1116 re,
182 1039 319 1128 dignam
343 1061 387 1104 ue
419 1039 550 1105 efficere
577 1039 700 1104 iterum
727 1037 860 1125 liguum
888 1037 994 1110 vitae.
1025 1059 1043 1101 a
1068 1059 1135 1124 quo
1155 1059 1205 1102 re·

96 1139 189 1192 mota
212 1125 272 1199 ell,
310 1062 420 1198 ahin,
454 1143 562 1222 eoque
581 1123 650 1188 frui
671 1144 715 1186 ne
736 1120 908 1196 interiret,
939 1122 995 1186 led
1014 1119 1145 1185 viveret
1166 1121 1204 1185 in

99 1223 286 1275 aeternum.
329 1209 396 1272 Sed
416 1205 440 1269 fi
461 1227 537 1306 quas
558 1205 658 1270 altius
679 1205 763 1270 velit
783 1203 994 1292 conspicere,
1032 1203 1206 1269 Cherubin

50 1303 55 1320 ·
98 1293 266 1358 vocabulo
287 1287 399 1375 ipsum
419 1291 485 1353 Des
505 1292 646 1368 verbum
667 1287 844 1388 fignificari
865 1306 937 1353 non
955 1287 1207 1374 incongruein·

86 1373 239 1464 ‚telliget
271 1373 338 1438 Dei
359 1393 505 1460 namque
525 1375 681 1448 verbum,
705 1395 742 1437 tn
768 1389 835 1460 quo
852 1371 929 1452 lunt
944 1371 1089 1436 thesauri
1103 1371 1208 1436 leien-

100 1458 169 1524 tiae
191 1455 441 1545 sapientiaeque
462 1456 670 1533 absconditi,
693 1455 900 1542 semperfine
914 1455 981 1520 ulla
997 1453 1207 1520 intermistio·

97 1561 144 1606 ne
174 1543 343 1606 humanae
372 1555 511 1604 naturae
541 1537 716 1604 obtutibus
748 1537 874 1626 praello
896 1537 957 1614 est,
993 1559 1132 1624 eamque
1152 1539 1207 1602 ad·

99 1639 236 1699 monet,
270 1637 306 1687 et
332 1639 472 1710 purgat,
502 1637 536 1686 et
555 1621 741 1698 illuminat,
773 1625 882 1687 donec
902 1624 945 1688 ad
990 1619 1209 1686 erfeetionenr
1226 1653 1241 1678 ι

98 1708 191 1772 luam
212 1706 446 1772 intemeratam
468 1707 616 1772 reducat.
646 1709 691 1770 Et
710 1706 793 1793 qnid
813 1704 936 1770 mirum
957 1643 987 1770 i,
1004 1701 1209 1793 Deilapien·

97 1790 145 1856 tia
165 1787 344 1858 ‘Cherubin
366 1790 532 1854 vocabulo
554 1789 777 1876 significetur,
800 1809 878 1855 cnm
901 1805 935 1853 et
954 1789 1102 1876 Angelus
1118 1809 1207 1875 mag·

97 1873 138 1940 ni
170 1871 302 1940 confilii
332 1887 368 1937 et
392 1871 501 1936 virtus
530 1872 687 1936 dicatur?
718 1873 806 1937 Audi
836 1873 1027 1959 Apostolum
1050 1873 1091 1936 de
1111 1873 1210 1937 Patre

99 1961 175 2023 Deo
202 1958 419 2042 loquentemt
453 1952 632 2044 irwassbila'c
660 1959 745 2019 enim
772 1957 841 2046 q'us
867 1979 889 2019 a
910 1960 1077 2020 aratione
1097 1958 1210 2022 mundi
1276 1969 1290 2002 Ν

100 2063 162 2127 per
184 2063 224 2104 eu
244 2061 330 2124 quae
341 2029 535 2129 factasunt
546 2039 713 2102 intellecta
728 2035 990 2130 corispicumturs
1010 2039 1210 2136 sempiterna

7 2197 8 2206 χ
99 2143 238 2213 quoqne
260 2125 332 2200 ejus
352 2119 459 2184 virtus
482 2119 633 2186 imiliter
653 2135 687 2184 et
707 2123 866 2220 puaellae,
891 2137 926 2186 et
941 2136 980 2184 ut
995 2123 1143 2185 breviter
1162 2121 1210 2187 di·

99 2231 193 2284 cam,
216 2203 583 2271 omniumcoelellium
604 2203 813 2270 ellenuarum
835 2202 1116 2290 appellationibus
1131 2225 1210 2302 qua·

104 2295 183 2356 dam
212 2284 368 2354 mutabili
397 2289 592 2374 metaphora
613 2287 649 2350 in
670 2285 795 2354 divinia
816 2285 986 2374 scripturis
1009 2285 1110 2350 soleat
1131 2286 1211 2352 rnt'r-

41 2385 45 2392 '
87 2357 198 2440 'mari
242 2371 447 2436 flammeum
478 2383 614 2458 quoque
640 2369 788 2458 gladium
811 2365 1079 2435 eadem'ratione
1099 2369 1209 2458 iplum

98 2457 167 2522 Dei
202 2455 344 2520 verbum
378 2451 561 2542 lignihcare
590 2473 661 2547 nup
690 2452 971 2518 inconvenienter
1004 2451 1210 2540 accipimust

102 2541 174 2606 urit
203 2559 349 2624 namque
382 2551 417 2601 et
446 2537 584 2612 dividit,
613 2535 683 2602 urit
703 2537 840 2624 quidem
861 2535 969 2603 nultra
990 2535 1131 2614 delicta;
1163 2536 1212 2630 efl

101 2629 187 2689 enim
208 2625 306 2686 Deras
326 2623 414 2704 ignis
433 2615 634 2715 consumens,
656 2642 871 2710 purgansque
892 2617 1137 2686 irrationabiles
1150 2643 1213 2686 no·

102 2707 186 2772 llrse
206 2720 346 2770 naturae
367 2704 498 2779 lordea,
522 2725 661 2792 eamque
683 2704 808 2770 dividit
829 2725 868 2770 ac
890 2701 1066 2780 discernit,
1095 2705 1136 2768 ab
1157 2701 1212 2770 his

126 2811 192 2852 uae
221 2787 254 2850 ei
284 2783 405 2850 merito
435 2786 729 2872 praevaricationis
756 2789 792 2852 lu
819 2802 1035 2862 ervenerant,
1073 2809 1214 2886 eamque

103 2813 324 2942 decolorant,
367 2884 400 2932 at
449 2889 468 2931 e
499 2869 705 2943 deformant,
746 2870 779 2934 di
854 2870 1000 2958 ilemque
1030 2869 1213 2936 condiuori

105 2957 183 3020 luo·
201 2951 364 3017 efficiunt.
435 2947 543 3014 ladius
565 2951 641 3027 ille,
660 2954 812 3024 &vebum
834 2953 993 3018 videlicet
1011 2953 1118 3018 Patria
1138 2951 1215 3017 uni·

106 3036 245 3127 genitus
275 3033 380 3101 Filius
400 3032 508 3098 virtue
530 3049 564 3097 et
584 3032 747 3120 snpientia
768 3056 839 3100 non
862 3034 1030 3100 immerito
1056 3052 1090 3100 et
1110 3035 1215 3101 credi·
1333 3069 1340 3082 ι

106 3139 166 3188 tur
196 3135 231 3184 et
249 3116 452 3204 intelligitur
471 3115 654 3193 versatilis,
688 3117 766 3204 quia
788 3121 869 3182 dum
891 3119 935 3182 eil
954 3134 1073 3183 natura
1094 3118 1215 3185 immn-

104 3201 241 3279 tabilia,
274 3217 431 3268 movetur
460 3214 570 3265 tamen
603 3199 767 3267 ineffabili
788 3201 845 3265 sua
866 3201 1043 3270 clementia
1068 3217 1101 3266 et
1120 3204 1216 3268 mile-

106 3287 257 3356 ricordie
287 3307 322 3350 er
346 3283 530 3349 a‘lalutern
561 3287 727 3350 humanae
747 3301 895 3350 naturae.
939 3287 1078 3372 Semper
1101 3287 1148 3352 ita
1171 3307 1217 3351 ue

110 3372 189 3438 talis
213 3305 387 3436 Cherubin
407 3369 661 3466 flammeusque·
668 3368 798 3456 gladius
820 3369 980 3436 versatilis
1002 3385 1079 3434 ante
1100 3309 1216 3435 echios

109 3455 244 3522 animae
275 3449 425 3526 nostrae,
458 3466 600 3515 ratroms
628 3455 704 3517 daco
727 3468 761 3516 et
781 3451 990 3530 intellectuat
1023 3454 1217 3520 collocatur.

112 3537 207 3624 Quid
227 3535 301 3600 ital
324 3535 371 3599 ad
393 3531 639 3627 custodiendam
658 3540 747 3600 viam
767 3535 852 3618 ligni
870 3542 981 3610 uitae,
1001 3539 1069 3601 hoc
1090 3538 1150 3613 eu,
1172 3557 1218 3601 ne
1242 3531 1252 3625 l
1336 3523 1350 3542 ’

111 3621 205 3686 mana
231 3619 255 3684 li
306 3617 317 3682 i
347 3616 438 3682 vitae
458 3617 625 3684 oblivioni
647 3622 834 3696 tradamus,
867 3621 924 3685 led
946 3621 1074 3710 lemper
1093 3639 1218 3686 merno-

108 3702 196 3767 riam
217 3700 253 3788 ip
278 3723 317 3766 ns
337 3699 425 3789 ligni
446 3700 606 3790 viaeque,
650 3703 783 3766 unitur
804 3705 845 3768 ad
866 3703 968 3780 illud,
1000 3719 1080 3770 ante
1101 3705 1218 3771 oculos

110 3781 224 3851 cordia
255 3784 357 3850 nostri
385 3784 611 3850 indelineuter
668 3789 838 3852 abeamus.
881 3789 925 3852 Et
944 3809 989 3854 ne
1009 3787 1139 3856 mireris
1161 3809 1218 3854 ane

112 3865 324 3955 lingulariter
344 3868 517 3935 Cherubin
538 3869 731 3956 protuliffe,
754 3891 831 3936 cum
853 3873 969 3937 beatus
991 3871 1218 3956 Hieronymus

113 3967 151 4017 et
178 3951 315 4040 pluralis
343 3951 477 4020 numeri
507 3967 541 4016 et
568 3951 747 4018 masculini
769 3955 901 4041 generis
921 3955 1001 4020 talia
1020 3957 1159 4032 nomina
1180 3953 1218 4017 in

112 4039 161 4100 im
183 4033 366 4100 defluentia
387 4038 478 4124 apud
497 4037 667 4102 Hebraeos
687 4037 932 4123 pronunciarit.
965 4039 1106 4106 Secutus
1126 4059 1219 4102 nam·

111 4139 182 4206 que
202 4118 276 4183 sum
295 4117 447 4186 fanetum
466 4118 665 4202 Dionylium
685 4121 919 4210 areopagitam
939 4123 1147 4210 lingulariter
1161 4119 1217 4182 Se·

96 4200 236 4294 -raphiu
256 4213 292 4270 et
311 4199 485 4294 Cherubin
505 4203 764 4288 nominantem,
785 4205 978 4294 praesertim
999 4227 1078 4272 cum
1097 4217 1132 4269 et
1151 4203 1219 4268 He-
