2970 4826
466 256 609 327 moer
629 212 805 368 (lautiori
960 337 963 351 1
1115 248 1195 324 teo

73 443 129 511 cie
152 463 171 508 r
198 455 268 508 erte
287 437 453 506 innuitur.
495 439 594 507 Verbi
656 437 733 506 etit.
766 438 954 504 Abrahamo
976 433 1190 513 dictumest:

74 547 157 612 egre
184 547 236 590 ere
258 527 300 588 de
320 537 411 602 terra
431 537 507 604 tuo,
543 539 576 590 et
623 547 640 588 e
662 525 854 606 cognatione
874 533 950 598 tud,
979 535 1013 585 et
1034 521 1192 588 dedomo

71 616 192 698 patris
218 614 289 676 rei.-
304 623 356 696 ,οι
374 613 452 674 oeni
472 614 506 674 r'n
524 623 645 674 terram
665 627 762 694 quam
785 605 1008 696 morfiraorro
1029 605 1111 672 tibi:
1147 607 1192 669 Et

103 693 153 760 ost
174 695 352 782 aliqu'aota.
397 687 573 782 Profectus
593 695 669 758 inde
687 691 853 758 Abraham
875 694 909 754 in
930 705 1051 755 terreor
1063 685 1191 777 austra·

73 721 161 854 iem,
187 793 221 842 et
239 777 410 842 natitavit
433 782 519 842 inter
541 778 650 844 Gades
671 789 706 838 et
726 770 849 868 Affor,
862 777 929 840 hoc
944 773 1090 838 estinter
1103 777 1192 838 sanc·

78 861 303 928 tiftcmionem
323 877 357 925 et
378 861 690 947 aequanimitatem
713 859 803 924 inter
822 879 905 946 quaa
926 857 963 922 in
986 873 1121 922 aeterna
1141 878 1190 920 re·

77 946 161 1032 quie
182 945 292 1010 omnio
315 945 505 1010 sanctorum
526 943 670 1010 felicitae
692 940 870 1007 constituta
892 941 945 1006 eil.
981 937 1213 1006 Sanctificati'

78 1029 193 1104 enim,
225 1032 293 1093 hoc
321 1027 365 1090 est
398 1028 492 1094 omni
513 1025 717 1114 contagione
736 1023 887 1111 corporis
908 1040 943 1088 et
963 1023 1095 1088 animae
1115 1011 1193 1112 prir-

102 1110 173 1185 ati,
207 1133 245 1176 ae
270 1109 452 1176 uanimiter
479 1117 571 1192 juxta
602 1111 693 1196 leget
713 1123 853 1174 naturae
873 1107 998 1174 victuri
1019 1109 1106 1172 lunt.
1148 1108 1193 1170 Et

75 1133 101 1259 ξ
136 1194 211 1282 quie
248 1193 347 1258 aiam
377 1195 469 1258 Allur
499 1191 813 1282 interpretationem
834 1211 920 1278 quae
940 1191 985 1255 ett
1004 1192 1193 1278 Mesopota·
1300 1229 1304 1238 «

76 1277 147 1342 mia
171 1277 458 1353 ,confideraverin
500 1275 758 1364 pulcherrimam
788 1274 1022 1362 praesentique
1049 1271 1193 1420 ηεῗοῑὶο
1279 1287 1282 1298 ’

78 1359 429 1425 convenientiffimam
450 1360 599 1426 theoriae
617 1359 828 1426 'occasionem
842 1357 1014 1434 inveniet3
1037 1359 1093 1420 Me
1111 1375 1190 1441 opo·

80 1441 332 1529 tamia.quippe
354 1443 464 1508 media
484 1443 574 1508 inter
595 1442 735 1506 flumina
757 1457 790 1505 et
812 1441 911 1506 est‘et'
928 1439 1067 1504 dicitur.
1097 1441 1189 1502 Nun·

78 1526 165 1613 quid
193 1543 306 1590 autem
336 1525 498 1592 credibile
526 1527 569 1590 eil
590 1525 834 1590 habitationem
856 1523 1043 1590 sanctarum
1067 1522 1192 1586 anima-

81 1631 159 1673 rum
181 1608 354 1695 totiusque
375 1615 541 1674 humanae
561 1623 703 1674 ‘naturae
723 1609 918 1674 restauratae
938 1605 1018 1672 alibi
1030 1607 1190 1681 futurum,

80 1691 143 1755 nist
172 1691 261 1756 inter
283 1691 392 1757 media
416 1689 639 1778 spiritualium
659 1692 825 1757 virtutum
847 1691 1008 1768 flumina,
1031 1713 1072 1754 ex
1094 1690 1190 1754 fonte
1276 1749 1280 1758 .

81 1773 237 1839 omnium
264 1778 431 1839 bonorum
461 1775 657 1840 manantia?
690 1777 734 1838 Et
762 1776 846 1864 quid
872 1775 964 1839 aliud
993 1789 1125 1861 praeter
1153 1771 1190 1836 id

79 1856 91 1922 i
119 1857 191 1922 lum
222 1879 282 1944 per
305 1856 567 1944 repromillionia
602 1873 723 1922 terram
755 1863 797 1923 ad
826 1881 925 1957 quam
954 1859 1020 1924 Dei
1067 1857 1189 1943 opulue

104 1957 202 2004 uctue
236 1941 298 2015 eo,
327 1939 530 2026 Aegyptiace
543 1940 747 2026 captivitate
770 1943 997 2029 servituteque
1011 1881 1188 2012 tiernus,

77 2024 214 2104 mystice
244 2023 266 2088 fi
292 2021 517 2088 nificabaturi
554 2026 646 2088 Haec
676 2024 720 2086 eli
744 2039 829 2088 terra
852 2023 1041 2088 viventium
1063 2023 1100 2086 in
1122 2041 1188 2109 qua

78 2105 184 2170 lancti
205 2045 354 2192 dupiicia
373 2105 598 2254 Koffidebunt,
618 2109 684 2170 h'oc
704 2106 749 2168 cll
771 2105 920 2191 corporis
943 2121 978 2170 et
987 2105 1119 2170 animae
1140 2105 1187 2166 fe·

78 2187 253 2257 licitatem.
297 2191 350 2253 De
401 2209 439 2254 ac
462 2188 562 2264 etiam
586 2187 754 2268 Dominae
778 2189 848 2276 iple
870 2187 935 2252 ait:
966 2190 1059 2252 beati
1081 2191 1188 2261 mites,

79 2277 232 2358 quoniam
264 2269 328 2363 ipsc
354 2268 563 2378 pofficleburrc
592 2287 723 2338 terram.
767 2273 870 2360 Quod
890 2287 1004 2336 autem
1025 2271 1186 2356 sequitur,

77 2361 157 2441 quio
177 2371 267 2420 terra
288 2381 322 2420 es
343 2371 376 2422 et
397 2381 431 2423 m
452 2371 573 2421 terram
595 2357 680 2430 ibis,
706 2359 760 2421 rel
781 2358 865 2420 licut
885 2353 923 2420 in
946 2355 1009 2420 alia
1023 2353 1186 2440 interpre-

80 2439 209 2506 tatione
232 2440 443 2516 continetur,
468 2444 545 2525 quia
565 2441 677 2523 pulvis
697 2465 732 2504 er
752 2455 785 2504 et
806 2443 839 2504 in
858 2439 1024 2520 prtioerem
1044 2451 1185 2500 reverte·

80 2527 146 2599 ris,
173 2525 283 2621 potest
309 2526 354 2605 tic
381 2525 489 2589 intelli
514 2524 545 2588 ir
575 2539 614 2588 ut
645 2543 749 2608 quum
771 2537 890 2586 natura
910 2521 1016 2587 animi
1038 2542 1123 2620 quae
1145 2523 1188 2584 ad

80 2607 262 2692 imaginem
293 2623 328 2671 et
347 2547 599 2673 limilituriinem
622 2605 687 2670 Dei
709 2607 795 2672 iacta
818 2606 879 2676 eli,
907 2625 947 2669 ex
973 2604 1077 2670 fertili
1099 2619 1187 2668 terra

78 2690 325 2776 primitivarum
355 2691 525 2754 causarum
556 2690 669 2752 lumsrt
700 2689 897 2762 exordium,
927 2687 963 2752 in
987 2709 1059 2752 eam
1082 2687 1187 2772 igitur

79 2775 253 2836 credamus
281 2773 461 2836 uecellario
492 2773 685 2834 redituram.
727 2773 763 2836 Si
793 2787 906 2835 autem
934 2769 1106 2857 quaeritur
1127 2791 1187 2834 cur

78 2855 226 2941 praefata
249 2856 391 2918 terrain
414 2855 476 2917 alia
498 2853 777 2937 interpretatione
823 2853 1107 2918 ulrerienomine
1126 2853 1185 2938 fig-

80 2937 262 3013 nificatur,
286 2957 355 3001 non
384 2935 448 3000 alia
468 2935 554 2999 ratio
575 2938 745 3001 reddenda
767 2959 785 3001 e
816 2983 826 3012 ,
858 2937 921 3000 nist
942 2935 1021 3022 quia
1041 2936 1125 3000 licut
1147 2959 1187 2999 ex
1214 2947 1216 2951 '

77 3023 217 3109 pulvere
248 3019 338 3084 istiue
365 3035 476 3090 terrae,
494 3017 655 3083 lerrfibilia
676 3021 789 3085 omnia
812 3041 898 3106 quae
920 3021 962 3102 de
984 3041 1022 3083 ea
1043 3039 1187 3083 nascun-

77 3123 149 3180 tur,
172 3104 334 3172 naacendi
356 3105 487 3169 caulam
509 3101 697 3188 accipiunt:
733 3103 780 3168 ita
805 3102 959 3168 omnium
980 3125 1092 3167 rerum
1114 3102 1187 3166 vifi-

78 3189 199 3256 bilium
233 3204 268 3255 et
294 3187 514 3252 invisibilium
542 3186 718 3271 multiplex
746 3187 964 3251 numerofitae
986 3205 1026 3250 ex
1046 3187 1187 3274 primor-

71 3273 218 3338 dialium
256 3271 427 3335 caularum
459 3269 631 3334 fertilitate
661 3287 872 3356 procreatur,
909 3269 1014 3356 inque
1043 3275 1185 3335 eandem

78 3358 175 3422 finito
197 3357 326 3420 mundo
349 3354 566 3440 regredietur.
612 3355 703 3419 Haec
726 3369 839 3436 autem
862 3352 1006 3418 dicimus
1027 3377 1097 3418 non
1113 3355 1185 3418 lim-

80 3438 434 3526 pllcitatem'illorum,
453 3436 510 3522 qui
532 3441 624 3502 hunc
645 3441 758 3503 locum
782 3437 917 3503 divinae
937 3436 1121 3525 scripturae
1141 3437 1185 3502 se·

80 3528 227 3590 cundum
253 3521 421 3586 historiam
442 3520 631 3606 accipiunt,
652 3525 891 3620 redarguentes
930 3526 967 3586 ui
982 3521 1186 3586 solutionem
1278 3575 1282 3582 .

6 3675 7 3688 χ
79 3607 215 3670 humani
238 3605 388 3692 corporie
410 3605 446 3668 in
471 3621 615 3692 quatuor
635 3609 756 3671 munde
776 3610 877 3686 hujue
899 3545 1065 3669 dicmenta
1081 3603 1183 3670 [oliuo

6 3705 7 3714 ¹
80 3707 183 3754 terrae
205 3689 345 3754 nomine
366 3689 565 3788 generaliter
586 3689 783 3774 significata,
807 3687 1185 3776 perhaecrerbalcrip·

6 3849 8 3858 y
81 3791 172 3838 turae
200 3772 376 3859 fignificarr
406 3787 573 3836 conantur
600 3774 756 3846 allerere,
786 3787 858 3840 non
879 3772 1186 3838 animadvertentes

6 3873 8 3886 ’
48 3871 204 3956 ·quanta
232 3857 340 3920 sensui
372 3858 431 3920 luo
460 3856 620 3920 videntur
646 3856 822 3920 adversari.
864 3857 900 3924 Si
922 3857 1013 3922 enim
1036 3858 1078 3922 de
1099 3855 1184 3920 lolu·

79 3957 173 4004 none
206 3939 355 4023 corporis
385 3939 501 4004 divina
530 3959 596 4003 vox
630 3939 707 4004 talia
737 3939 897 4026 protulit,
932 3962 992 4005 cur
1023 3941 1097 4004 viro
1122 3937 1180 4002 loli

79 4019 268 4111 praedixit?
295 4042 355 4086 eur
375 4044 445 4088 non
468 4021 569 4088 etiam
592 4037 627 4086 et
645 4021 798 4100 mulieri,
821 4023 877 4086 cui
899 4045 1020 4110 corpur
1034 4046 1105 4087 non
1120 4019 1181 4084 mi·

6 4115 7 4136 ¹
79 4127 143 4172 nur
173 4101 339 4168 solvitur?
374 4105 544 4192 Deinceps
571 4128 631 4172 cur
659 4121 770 4172 totum
790 4105 964 4174 hominem
985 4107 1182 4172 solvendum

6 4185 7 4216 ³
81 4187 194 4258 diviua
224 4184 462 4256 animadverfio
483 4189 625 4268 indicit,
659 4209 738 4257 cum
759 4199 925 4258 extremae
944 4193 1015 4270 ejus
1038 4203 1209 4302 tantuna‘
