2970 4826
317 255 406 328 ‘422
513 261 539 286 ‘⁴
660 255 715 324 Do
734 251 1107 328 natumnatum.

215 481 221 512 r
329 441 544 508 atrocitatum
576 437 825 508 revolutionem
855 437 893 504 in
922 439 1041 503 sudore
1068 438 1204 512 vultur,
1234 441 1302 504 boc
1334 439 1385 503 est
1407 441 1441 503 in

206 541 208 548 ’
327 527 399 614 ipsa
425 526 610 590 secundum
640 524 769 590 sensum
796 521 987 588 humilitate
1019 537 1119 609 atque
1139 523 1253 586 labore
1277 524 1442 620 operosae

328 607 603 678 considerationis
625 606 836 672 sensibilium
846 608 941 670 velut
960 627 1083 692 panem
1106 605 1148 670 ad
1160 605 1443 671 conuiruuonem

328 696 485 760 habendo
506 691 688 779 praesentia
708 690 799 754 vitae
821 690 1047 765 occ‘dfionem,
1066 689 1133 760 tire
1153 711 1214 775 per
1229 706 1350 765 artem,
1377 691 1442 754 srva

327 779 390 864 per
412 776 509 842 aliam
531 777 703 862 quandam
719 772 802 838 huic
816 772 906 838 vitae
919 772 1123 838 distributam
1136 773 1440 838 machinationem.

329 865 381 926 Au
403 859 511 945 magia
530 869 624 938 'terta
641 858 683 920 esi
701 855 822 922 Adami
844 877 903 922 cor
922 856 1157 931 maledictum,
1190 879 1250 944 per
1270 858 1442 944 praevari-

329 943 499 1010 cationem
514 941 683 1027 accipient
695 940 888 1008 coelestium
903 943 1070 1006 bonorum
1085 939 1300 1005 ablationem.
1326 943 1441 1038 Quam

328 1043 448 1092 terrant
470 1049 531 1112 per
551 1023 733 1110 practicam
752 1022 999 1110 philosophiam
1013 1025 1203 1122 permultae
1219 1027 1376 1088 comedat
1388 1025 1440 1087 tri·

328 1109 538 1181 bulationea,
560 1123 735 1206 purgatam
755 1130 817 1196 per
837 1108 1077 1190 conscientiam
1097 1105 1341 1172 maledictione
1365 1129 1388 1172 o

329 1201 405 1258 ru'm
440 1191 690 1278 turpitudinis,
720 1190 896 1256 etiterum
920 1191 1110 1277 germinant
1132 1189 1169 1253 in
1191 1212 1232 1254 eo
1254 1190 1358 1254 instar
1396 1191 1440 1276 pi·

330 1299 470 1351 narum,
513 1297 552 1340 co
580 1274 735 1340 'tationes
764 1273 852 1340 circa
880 1296 1058 1360 corporum
1089 1272 1365 1360 generationem,
1405 1296 1440 1338 ae

330 1355 437 1426 veluti
467 1356 557 1422 tribu
573 1381 626 1434 oa,
663 1357 751 1424 circa
780 1356 1043 1446 incorporalium
1071 1355 1323 1444 providentiam
1355 1358 1440 1436 judi·

212 1439 218 1450 ’
329 1442 504 1529 ciumque,
539 1443 701 1507 scatentes
723 1439 922 1528 opiniones,
952 1440 1100 1504 ratiotma
1121 1456 1298 1526 purgatae,
1330 1443 1439 1526 physi-

330 1547 420 1598 cam,
442 1525 550 1589 veluti
572 1526 733 1598 foenum,
755 1523 863 1608 carpit
884 1521 1100 1608 spiritualiter
1121 1521 1294 1586 theoriam.
1336 1527 1387 1586 Et
1401 1525 1438 1588 fic

330 1610 421 1707 quast
441 1608 478 1672 in
500 1609 619 1672 sudore
632 1610 746 1672 uultua
760 1605 867 1670 scibili
879 1605 1124 1692 intelligentiae
1135 1606 1321 1670 securrdum
1333 1607 1438 1670 scien·

330 1707 413 1760 tram
433 1692 533 1756 vultu
552 1689 844 1775 incorruptibilem
866 1689 1055 1774 theologiae
1074 1687 1222 1752 comedit
1232 1710 1373 1773 panem,
1395 1692 1439 1753 lo-

329 1773 401 1840 lttm
433 1795 512 1836 vere
538 1773 675 1836 vitalem
706 1787 739 1836 et
767 1771 1019 1838 comedentium
1052 1772 1084 1834 se
1114 1771 1372 1836 conservantem
1401 1775 1438 1836 ad

305 1851 683 1949 incorruptibilitatem
712 1855 975 1953 generationem.
1019 1857 1122 1916 Terra
1148 1853 1261 1998 itaque
1286 1857 1332 1918 esi
1355 1860 1439 1930 bene

331 1941 461 2004 comesa
493 1938 562 2026 ipsa
584 1956 834 2026 peractionem
856 1937 966 2002 cordia
987 1935 1163 2034 purgatio,
1210 1957 1335 2002 oenum
1359 1961 1438 2004 vero

328 2024 400 2113 ipsa
422 2025 606 2088 secundum
629 2021 852 2108 Theologiam
872 2021 1100 2104 mysteriorum
1123 2019 1309 2084 doctriua.”
1355 2027 1438 2086 llae-

259 2162 262 2170 ,
317 2123 431 2172 tenue
453 2105 631 2172 Maximae.
680 2103 830 2170 Arbitror
851 2120 963 2176 antem
984 2101 1062 2167 dies.
1075 2101 1167 2166 vitae
1188 2101 1292 2166 animi
1315 2106 1437 2190 quibua

331 2207 451 2270 terram
474 2189 585 2256 cordia
606 2187 656 2252 sui
677 2190 853 2274 purgando
876 2189 1022 2260 laborat,
1050 2207 1121 2250 non
1143 2187 1205 2250 hoa
1226 2187 1436 2254 solummodo

331 2273 453 2359 quibua
482 2271 664 2356 praesentia
694 2269 784 2334 vitae
806 2285 955 2357 tempora
977 2270 1163 2333 volvuntur
1184 2289 1380 2358 corpueque
1401 2277 1436 2336 ab

332 2357 444 2420 anima
472 2369 666 2438 vegetatur,
689 2365 822 2416 'verum
854 2351 953 2416 etiam
983 2365 1017 2416 et
1037 2351 1122 2417 illud
1144 2352 1297 2438 spatium⁴
1311 2369 1436 2442 tempo·

330 2439 398 2500 rale
430 2455 497 2519 quo
520 2436 650 2498 animae
670 2435 821 2520 regimen
843 2435 991 2521 corporis
1014 2437 1203 2500 deserentea
1222 2436 1260 2500 iu
1280 2437 1347 2503 alia
1371 2442 1434 2504 uita

334 2523 442 2582 donec
471 2537 610 2604 corpora
632 2517 689 2580 sua
708 2517 875 2603 recipiant
895 2536 1087 2594 morantur,
1113 2518 1309 2604 significare.
1353 2527 1434 2586 Nam

332 2619 366 2666 et
386 2601 423 2664 in
444 2603 509 2664 hac
528 2599 618 2674 vita,
641 2621 706 2686 qua
728 2601 822 2664 simul
844 2622 965 2688 corpur
986 2618 1020 2666 et
1041 2601 1152 2666 anima
1174 2605 1320 2688 degunt,
1344 2623 1384 2669 et
1404 2607 1434 2670 in

332 2688 434 2749 altera
458 2683 694 2769 postmortem
714 2683 885 2768 corporis,
919 2688 984 2748 hoc
1006 2686 1049 2748 est
1073 2684 1274 2750 solutionem
1297 2689 1373 2766 ejus
1395 2713 1436 2752 re

331 2768 507 2853 ditumque
527 2767 564 2830 iu
586 2781 730 2854 quatuor
751 2768 870 2832 mundi
893 2769 1073 2842 elerueuta,
1096 2787 1137 2830 ex
1158 2769 1280 2854 quibua
1306 2772 1352 2834 est
1376 2775 1437 2837 col·

331 2856 457 2917 lectum
488 2866 588 2938 atque
612 2849 849 2936 compostum,
882 2873 988 2936 utque
1010 2853 1051 2914 ad
1073 2850 1175 2914 finem
1197 2851 1335 2927 mundi,
1371 2877 1438 2920 eor·

331 2955 519 3022 porumque
546 2932 842 3010 resurrectionem,
874 2933 1031 3031 diemque
1059 2932 1179 3014 judicii
1207 2936 1345 3032 purgari
1371 2939 1438 3004 ani·

330 3025 400 3084 triae
427 3019 518 3104 posse
547 3017 724 3100 credimus.
767 3017 920 3094 Hisunt
941 3016 1045 3103 igitur
1067 3017 1137 3082 dier
1160 3022 1281 3104 qurbua
1304 3021 1439 3088 animur

203 3133 205 3138 ·
333 3120 451 3168 terram
481 3101 591 3166 cordia
624 3100 675 3164 sui
705 3099 872 3174 comedit,
906 3103 972 3164 hoc
1002 3099 1046 3164 est
1067 3099 1202 3166 actione
1250 3105 1439 3188 argutionis

331 3187 448 3250 utitur.
491 3187 577 3248 Nam
598 3185 670 3269 poli
689 3185 792 3248 finem
812 3205 923 3248 retum
946 3181 1148 3248 senfibilium
1170 3125 1303 3250 nulium
1317 3211 1386 3276 pur
1427 3224 1438 3238 ·

331 3271 435 3334 tionia
460 3283 570 3333 actum
591 3265 735 3352 legimus
755 3267 827 3331 iore
874 3267 919 3330 osi
939 3267 1084 3348 reditum
1111 3283 1250 3332 naturae
1272 3269 1309 3332 iu
1330 3211 1437 3368 pribi-

330 3377 408 3418 nam
462 3350 628 3414 uritatem.
670 3353 715 3414 Et
743 3349 829 3416 sorta
868 3353 984 3414 abac·
1007 3349 1170 3436 fignificat
1193 3354 1284 3435 quod
1306 3355 1436 3419 dictum

332 3437 391 3500 eil:
447 3457 525 3500 onec
552 3438 755 3500 cotrurrtaris
784 3439 817 3498 in
839 3449 959 3497 terram
981 3434 1024 3496 de
1042 3430 1250 3524 praesumtor
1270 3457 1321 3500 esr
1354 3441 1437 3503 acsi

330 3534 444 3618 aperte
465 3517 609 3591 diceret,
632 3533 726 3582 tanto
749 3532 900 3602 tempore
922 3517 957 3580 in
980 3517 1191 3614 purgatipnia
1213 3534 1290 3582 tuae
1309 3541 1374 3607 per
1388 3545 1436 3586 ac·

330 3619 459 3666 tionem
490 3617 524 3665 et
553 3599 727 3665 scientiam
753 3602 922 3665 laboribus
947 3601 1079 3664 sudabit
1099 3602 1218 3680 vultur,
1235 3615 1330 3676 tuuc,
1373 3608 1438 3669 hoc

330 3686 374 3750 ost
399 3684 608 3750 rationabilia
638 3683 810 3770 inquisitio
838 3683 1007 3755 veritatis,
1039 3687 1147 3748 donec
1168 3685 1380 3752 converterit
1401 3687 1436 3751 iu

228 3836 233 3860 f
330 3785 449 3834 terram
478 3764 520 3833 de
549 3789 614 3855 qua
642 3769 842 3844 sumtuum,
872 3771 939 3832 hoc
961 3767 1004 3830 est
1025 3767 1062 3830 in
1083 3767 1287 3832 soliditatem
1307 3768 1438 3836 incom-

328 3853 525 3918 mutabilem
552 3850 821 3938 primordialium
847 3851 1019 3915 causarum
1054 3873 1094 3915 ex
1146 3849 1246 3916 uibus
1268 3851 1437 3938 originem

330 3936 446 4012 ducis,
480 3935 663 4001 nonenim
688 3933 828 4000 ulterior
845 3933 993 4010 sudabit,
1025 3937 1106 4000 dum
1165 3956 1212 4000 uc
1229 3937 1437 4022 pervenerit.

331 4022 434 4118 Quod
465 4035 576 4084 autem
603 4019 742 4084 norriue
764 4034 868 4082 terrae
889 4017 1032 4084 felicitae
1055 4031 1209 4084 aeternae
1230 4017 1323 4086 ritae
1343 4021 1438 4087 stabi·

329 4105 472 4192 lttaaque
499 4101 767 4190 primordialium
794 4101 966 4166 causarum
992 4123 1032 4164 cx
1061 4101 1183 4188 quibua
1212 4101 1328 4168 omnia
1350 4127 1439 4192 quae

228 4255 231 4260 ,
324 4187 409 4256 sunt
429 4187 602 4262 oriuntur,
635 4185 861 4272 significetur3
892 4183 1006 4252 multia
1028 4183 1165 4252 divinae
1185 4186 1373 4272 scripturae
1394 4192 1439 4254 lu·
