3048 4856
261 117 341 192 2³4
430 131 432 134 ’
590 117 645 190 De
665 122 846 194 Dieier‘orre
867 121 1040 220 Naturae.

263 313 346 376 dum
376 305 525 374 libertati
552 304 683 372 arbitrii
714 307 783 374 mei
814 308 974 379 coneedie
996 307 1141 396 eligere,
1173 329 1262 396 quae
1280 309 1382 384 velit,

162 451 164 469 '
262 391 958 544 {iiiiiiiiequi‘liii'rnilffleilii
975 391 1386 544 ιῖῗιξξιοιίιὶιὶιἶῖιιοιῗιῖιὶιῖιιιζ”ιῗΞ
1487 423 1488 512 l

261 563 362 634 dum,
386 575 421 624 et
444 521 516 624 irite
542 557 705 646 igendum
727 558 781 624 eu.
805 557 861 646 ,si
888 557 983 630 enim
1000 582 1062 648 per
1082 582 1138 626 me
1159 558 1271 647 ipsum
1291 583 1385 647 pure
1487 513 1488 590 i

259 643 506 744 intelligerem,
537 665 575 707 ee
598 653 686 729 quae
707 641 791 718 diri,
825 665 897 710 non
919 645 1051 710 iorteffe
1071 665 1205 710 vererer
1226 660 1382 730 apertam

259 730 435 794 leientrem
463 728 507 792 (le
535 724 661 792 divinis
690 727 940 803 voluntatibus,
974 743 1009 794 et
1039 730 1081 794 de
1103 727 1156 794 his
1179 728 1382 815 quaefacta
1487 757 1488 794 ι

260 813 339 881 lunt
358 811 526 909 proferre,
549 832 633 875 num
655 825 689 874 et
709 809 745 876 id
766 809 875 896 ipsum
897 811 961 878 sint
982 833 1101 913 ippone.
1144 809 1278 878 Veritue
1301 811 1382 876 ium
1487 803 1488 870 l

260 893 1382 1065 {liuilllpiludssssff⁰lif¹¹2÷fz¹llffi³¹¹2f¹2⁰3ng‚¹¹⁸3ss
1430 1029 1433 1036 ι
1487 929 1488 938 ‘

252 1063 296 1128 ‘in
318 1062 361 1128 uli
386 1083 432 1128 uo
453 1061 576 1127 felleris
597 1077 637 1126 ut
658 1064 887 1149 quodeunque
909 1083 1014 1132 conce
1042 1061 1131 1137 erie,
1154 1061 1260 1126 [labili
1280 1083 1379 1128 meu·

260 1145 304 1212 tie
333 1149 377 1211 ha
401 1145 454 1210 itu
484 1144 655 1219 obtinere..
691 1149 734 1212 D.
764 1147 931 1212 Praecede
953 1145 1079 1232 sequar.
1107 1149 1173 1209 M.
1209 1145 1380 1229 Quamvis

257 1246 298 1295 ut
321 1229 445 1318 opinor
468 1231 510 1294 de
527 1227 844 1296 volunt'ete'divinu
868 1227 1019 1304 dubites,
1049 1227 1106 1293 seu
1129 1232 1171 1294 de
1191 1227 1380 1292 voluntati·
1487 1287 1488 1292 ,

258 1317 344 1391 bue,
377 1315 436 1378 seu
467 1315 510 1379 de
542 1311 707 1378 ineffabili
729 1311 866 1378 divinae
888 1309 1076 1378 voluntatis
1097 1311 1377 1397 multiplicitate3

257 1401 352 1463 Deue
373 1396 466 1462 enim
486 1413 595 1462 unum
616 1394 794 1483 multiplex
814 1395 851 1462 in
874 1395 979 1482 [eipso
1006 1395 1072 1478 eil3
1094 1397 1214 1460 Utrum
1228 1397 1270 1458 ad
1288 1395 1378 1458 lum·

257 1504 333 1546 mee
352 1480 517 1546 bonitatis
539 1479 723 1566 [implicem
744 1495 897 1544 naturum
911 1478 1123 1566 pertineant,
1145 1493 1267 1542 utnon
1281 1476 1378 1542 uliud

256 1581 395 1711 {iiiiii
415 1561 1127 1711 iiiiiimriuiiiiramiim’Hiriiindiiliiteriefiriefi
1138 1559 1377 1708 iiiiiltiiiiiffi
1487 1655 1488 1664 ’

257 1729 322 1802 est,
354 1745 456 1791 omne
488 1729 650 1811 siquidem
672 1730 765 1812 quopl
785 1731 887 1789 heber
907 1730 1036 1808 semper
1058 1741 1093 1787 et
1115 1669 1376 1790 iiiimurabiliter

256 1813 379 1884 habet,
402 1807 564 1895 quoniam
585 1805 672 1872 nihil
695 1805 836 1882 recidit,
870 1804 1017 1892 ideoque
1039 1822 1098 1870 aut
1118 1830 1293 1895 nunquam
1314 1812 1373 1872 he·

257 1893 335 1960 buit
361 1893 436 1978 lure
461 1893 677 1965 voluntates,
712 1905 771 1954 aut
798 1890 824 1953 fi
849 1888 969 1954 habuit
996 1890 1202 1975 sempereue
1223 1892 1375 1958 ha'ouille

255 1978 476 2042 nullomodo
501 1973 737 2039 dubitantium.
779 1973 829 2036 M.
851 1975 944 2038 Deuu
965 1970 1080 2059 itaque
1102 1973 1232 2060 semper
1252 1977 1373 2040 volun·

256 2076 343 2126 tuter
365 2059 438 2123 luae
459 2055 600 2130 hebuit,
625 2078 747 2143 eaeque
769 2056 898 2143 lemper
920 2053 1027 2130 vidit,
1058 2057 1244 2124 nonenim
1267 2061 1373 2124 latere

257 2167 336 2210 eum
366 2141 482 2229 potuit
511 2142 605 2227 quod
630 2139 761 2204 hebuit.
804 2143 847 2206 D.
876 2141 921 2202 Et
949 2139 1069 2204 habuit
1101 2155 1136 2204 et
1161 2140 1259 2206 vidit.
1303 2146 1375 2211 Do-

255 2219 1373 2378 geioniiinnliiiiqutiilevoiiiiitaiiririuviiiiecirimliiiiuffiteiexieiiir

255 2413 357 2459 mare.
402 2392 451 2453 M.
486 2350 634 2452 Divinie
656 2377 735 2475 ergo
761 2389 955 2454 voluntates
977 2404 1132 2454 aeternae
1152 2391 1249 2466 lunt,
1286 2413 1370 2481 quo·

127 2476 131 2484 ’
255 2475 349 2544 ιιίιιι
370 2471 441 2560 ipse
462 2477 558 2551 eujuu
579 2471 772 2536 voluntates
792 2472 871 2536 lunt
890 2487 1046 2536 aeternus
1069 2473 1122 2540 est.
1151 2479 1195 2542 D.
1215 2475 1367 2544 Omnino

255 2564 323 2626 hoe
342 2555 568 2624 eoneefferim.
611 2556 660 2620 M.
723 2553 784 2620 uid
811 2553 948 2642 igitur?
983 2577 1067 2622 num
1090 2573 1124 2623 et
1144 2581 1183 2624 ee
1203 2569 1290 2647 quae
1310 2583 1369 2626 ro·

44 2717 47 2726 Ι
254 2641 322 2708 luit
341 2642 471 2727 semper
490 2635 627 2714 habuit,
651 2653 685 2704 et
721 2659 835 2724 emper
854 2637 968 2704 vidit?
992 2640 1089 2704 Clare
1111 2641 1249 2728 quidem
1267 2643 1367 2709 intel·
1487 2683 1488 2692 ι

171 2787 174 2792 .
251 2725 351 2814 ligio,
374 2741 414 2788 ut
433 2744 509 2789 reor
531 2721 670 2788 domino
692 2720 780 2786 nihil
804 2721 867 2786 elie
890 2721 1044 2790 futurum
1059 2725 1140 2790 dum
1156 2727 1270 2792 omnia
1284 2742 1366 2792 tem-

253 2831 338 2898 pora
365 2807 402 2872 in
435 2805 541 2893 seipso
571 2807 772 2882 concludet,
804 2822 845 2872 ,et
873 2805 988 2870 omniu
1018 2829 1103 2893 quae
1133 2808 1170 2874 in
1199 2809 1247 2876 eie
1276 2811 1365 2878 sunt.
1487 2825 1488 2832 ’

255 2891 419 2960 Omnium
449 2891 576 2979 quippe
602 2888 811 2977 principium
843 2905 876 2956 et
897 2889 1047 2954 medium
1070 2907 1105 2955 et
1125 2892 1203 2958 finis
1224 2894 1278 2960 ost.
1321 2897 1368 2960 Et

255 2976 400 3043 ambitus
422 2991 455 3039 et
476 2974 590 3040 cursus
613 2989 647 3038 et
666 2973 828 3038 recursui.
863 2977 906 3036 D.
929 2972 1288 3044 Nihil'Deofuturum
1301 2978 1365 3045 elle
1487 2993 1488 3064 ι

254 3083 326 3128 ιιοιι
355 3058 500 3145 ambigo.
544 3059 592 3122 M.
628 3057 751 3143 Omnia
780 3057 895 3142 itaque
923 3077 1009 3144 quae
1036 3059 1147 3124 faeere
1166 3061 1295 3138 voluit,
1326 3059 1363 3126 in

254 3143 321 3208 [uie
351 3141 584 3208 voluntatibus
614 3138 742 3225 semper
763 3139 892 3206 habuit.
937 3141 1015 3204 Non
1037 3143 1129 3208 enim
1150 3143 1187 3208 in
1210 3166 1250 3210 eo
1271 3165 1364 3231 prae-

199 3259 205 3272 ·
252 3227 345 3292 eedit
364 3227 452 3290 velle
472 3222 509 3289 id
531 3227 624 3310 quod
643 3225 717 3288 vult
738 3223 821 3290 fieri.
849 3225 952 3310 lpliue
975 3221 1067 3290 enirn
1081 3227 1252 3292 voluntati
1270 3249 1364 3294 eoue-

253 3327 388 3380 ternum
418 3308 480 3380 eil,
512 3306 673 3392 siquidem
701 3328 772 3372 non
795 3323 951 3394 expectet
971 3306 1044 3374 fieri
1067 3314 1160 3396 quod
1179 3313 1259 3396 vult,
1274 3313 1363 3399 quefi

252 3395 405 3458 futurum
427 3389 484 3456 cui
505 3389 620 3456 omnir
639 3389 827 3478 praesentia
847 3392 945 3466 sunt,
972 3395 1068 3470 cuiue
1088 3395 1246 3459 voluntas
1267 3396 1365 3461 eausa

254 3475 407 3543 omnium
430 3474 497 3549 est,
516 3490 550 3539 et
571 3473 652 3540 vifio
674 3474 813 3540 effeetus
835 3491 876 3542 et.
889 3473 1065 3562 perfectio.
1093 3477 1150 3542 Fit
1164 3477 1257 3544 enim
1270 3481 1364 3544 nulla
1487 3507 1488 3524 ι

250 3581 345 3626 mora
374 3557 568 3646 interposita
600 3560 692 3649 qpod
720 3558 816 3624 videt
845 3557 1051 3626 faciendum.
1095 3561 1139 3626 At
1158 3563 1183 3626 fi
1203 3563 1361 3630 voluutas

251 3647 323 3724 ejur
351 3641 435 3708 vilio
467 3643 538 3722 ejue
569 3643 631 3719 ell,
665 3657 700 3708 et
724 3641 807 3708 visio
828 3643 1004 3720 noluntas,
1038 3665 1140 3710 omne
1175 3647 1365 3734 quodvult

249 3727 418 3793 [obtrecto
442 3725 536 3790 omni
556 3725 735 3792 intervallo
757 3726 807 3792 fit.
849 3727 896 3792 Ae
916 3725 941 3790 li
962 3745 1064 3792 omne
1084 3731 1177 3816 quod
1197 3733 1272 3795 vult
1289 3729 1363 3797 fieri

250 3825 286 3876 et
306 3809 501 3877 iaciendum
521 3807 636 3886 vitiet,
671 3825 705 3874 et
725 3831 796 3878 non
818 3809 963 3874 extruso
986 3812 1031 3878 eil
1051 3815 1143 3899 quod
1163 3815 1241 3878 vult
1260 3829 1295 3880 et
1313 3813 1364 3878 vi·

207 3925 216 3959 ι
250 3897 326 3972 det,
357 3895 415 3960 led
444 3891 483 3958 in
510 3893 563 3970 ie,
594 3889 748 3982 nihilque
768 3893 805 3960 in
826 3893 899 3980 ipio
920 3893 984 3971 est,
1013 3899 1107 3983 quod
1125 3894 1197 3984 ipse
1218 3919 1290 3966 oon
1310 3898 1360 3973 fit,

251 3976 401 4066 [equitur
432 3979 526 4064 quod
553 3998 656 4045 omne
682 3981 775 4064 quod
808 3975 903 4045 videt
921 3991 966 4044 et
995 3981 1072 4046 vult
1090 3997 1308 4048 eoeeoernum
1330 3980 1361 4047 ei
