3036 4862
545 205 840 350 tittwouortue
1167 227 1248 338 88'8

137 447 253 521 caindo
272 451 350 517 loco
370 421 543 514 statuimur
560 443 756 516 substantiae
774 447 848 520 imo
864 415 1027 594 mewa
1038 449 1125 515 erdo
1134 467 1249 518 rerum

2 582 10 602 ,
137 534 321 603 constituit.
363 536 406 598 D.
428 535 520 596 Duae
543 531 648 620 igitur
668 531 862 598 substantiae
882 535 927 596 ho
978 529 1030 594 nia
1058 531 1249 620 intelligere

137 621 317 694 debemua,
349 637 453 698 unam
474 613 612 704 quidem
634 615 670 680 in
692 613 964 703 primordialibus
986 609 1090 681 ciusie
1112 637 1250 703 genera·

135 705 223 780 lem,
256 704 402 766 alteram
420 698 457 764 in
485 721 599 764 earum
627 699 804 766 effectibus
835 697 1024 786 specialem.
1073 699 1122 764 M.
1153 703 1248 766 Duae

135 809 215 854 ntur
247 783 406 859 dixerim,
446 783 503 848 sed
532 803 638 848 unam
667 782 848 870 dupliciter
877 779 1093 848 intellectam.
1144 781 1251 848 Aliter

138 869 230 936 enim
250 871 399 932 hnmana
418 865 596 931 substantia
616 887 678 966 per
698 864 941 932 conditionem·
954 863 991 930 in
1012 863 1249 932 intellectuali·

136 955 202 1018 bue
221 950 423 1050 perspicitur
444 950 568 1026 causie,
591 951 687 1014 aliter
708 973 770 1036 per
790 947 1042 1037 generationem
1063 949 1101 1015 in
1122 948 1250 1016 effecti·

135 1039 211 1104 buo.
253 1037 304 1099 lba
325 1033 462 1120 quidem
484 1033 825 1098 omni-montilium
846 1031 966 1108 libera,
1002 1031 1060 1098 laic
1079 1031 1249 1100 mutabili·

137 1119 200 1184 tati
231 1116 395 1191 obnoxia,
431 1113 481 1181 ibi
502 1117 638 1204 simplex
660 1117 885 1216 omnibnaque
905 1115 1136 1184 accidentibus
1158 1117 1250 1184 abso·

135 1203 231 1280 luta,
255 1221 392 1267 omnem
414 1199 534 1288 effugit
555 1201 750 1266 contuitum
774 1215 809 1264 et
826 1201 1059 1277 intellectum
1081 1199 1139 1267 hic
1159 1221 1250 1267 com·

73 1339 79 1346 .
133 1285 336 1374 politionem
359 1288 527 1370 quandam
552 1303 591 1348 ex
611 1283 857 1382 quantitatibus
879 1297 913 1348 et
927 1283 1155 1382 qualitatibus,
1178 1305 1249 1349 cae·

134 1369 284 1462 terisque
305 1389 390 1455 quac
412 1366 500 1434 circa
522 1389 594 1432 eam
614 1367 855 1454 intelliguntur
874 1373 1025 1453 pattena}
1053 1367 1177 1432 mentia
1197 1389 1249 1432 re·

136 1451 222 1552 cipit
257 1451 433 1518 intuitum.
476 1453 551 1550 llna
578 1451 694 1549 itaque
718 1454 902 1548 eademque
922 1448 1042 1550 veluti·
1052 1453 1176 1538 duplex
1200 1449 1249 1516 di·

134 1551 228 1684 iffi
243 1535 951 1706 tittizlttlttnltlf‘tlzltl‘t
977 1535 1249 1715 dissitis
1294 1565 1298 1580 '

135 1701 174 1767 in
196 1701 388 1780 effectibus,
411 1706 478 1768 hoc
502 1702 565 1778 eil,
587 1702 654 1766 live
674 1704 767 1766 nuda
789 1699 826 1766 in
847 1702 904 1764 sua
924 1701 1153 1788 simplicitate,
1181 1701 1249 1766 sare

135 1783 368 1851 accidentibus
390 1781 521 1851 induta.
563 1789 603 1850 ln
625 1782 679 1850 hio
701 1785 792 1850 enim
814 1783 972 1850 omnibus
994 1783 1081 1850 nulli
1097 1783 1250 1850 intellec·
1386 1850 1390 1860 ,

134 1867 188 1934 tui
223 1883 403 1956 creatoque
424 1866 533 1934 sensui
553 1867 765 1944 succumbit,
796 1889 862 1933 nec
883 1889 901 1932 a
922 1865 1026 1953 seipsa
1047 1867 1252 1966 iptelligitur

135 1951 219 2040 quid
240 1954 289 2018 lit.
313 1957 361 2016 t).
386 1952 480 2038 Quid
502 1952 546 2016 ell
567 1973 646 2038 ergo
669 1953 762 2038 quod
780 1955 848 2034 jam
865 1949 998 2038 pridem
1015 1950 1133 2026 dixrsli,
1155 1971 1250 2016 men·

134 2050 204 2100 tem
227 2035 363 2122 quidem
385 2040 567 2100 humanam
588 2033 767 2098 notionem
789 2055 855 2120 qua
876 2035 909 2097 se
926 2034 1113 2117 cognoscit,
1136 2049 1171 2098 et
1185 2031 1251 2099 dia·

135 2119 297 2205 ciplinam
319 2139 385 2204 qua
405 2117 544 2204 seipsam
567 2115 668 2182 diacit
689 2119 833 2191 habere,
858 2131 892 2179 et
912 2137 1007 2179 nunc
1027 2116 1168 2192 iterum,
1190 2135 1250 2180 ne·

79 2255 82 2264 ’
134 2223 205 2348 ‘ii
233 2200 405 2348 'iiiiii
428 2197 863 2346 mutilati:
885 2196 1152 2346 diffipoffg
1173 2199 1250 2348 'lt

32 2389 42 2407 ’
134 2307 296 2456 iitiuidem
328 2303 654 2511 meninqeteteipram
685 2363 787 2429 novit
813 2379 851 2430 et
878 2303 1017 2462 seipsam
1045 2327 1116 2430 rion
1138 2304 1248 2432 univit.

132 2451 250 2517 Novit·
270 2449 407 2540 quidem
437 2447 517 2537 quia
543 2469 561 2512 e
594 2493 604 2524 ,
633 2469 706 2512 non
737 2461 852 2512 autern
875 2463 975 2515 novit
995 2447 1079 2536 quid
1100 2449 1154 2514 eli.
1197 2449 1248 2515 Δο

159 2557 195 2600 er
221 2537 288 2601 hoc
307 2549 347 2598 ut
368 2533 405 2598 in
427 2531 596 2621 prioribua
616 2530 711 2602 librie
734 2531 935 2632 docuimus,
969 2531 1115 2598 maxime
1134 2530 1249 2620 imago

134 2559 202 2684 iaci
229 2618 267 2682 in
297 2615 437 2684 homine
456 2617 520 2680 elle
541 2619 693 2682 docetur.
735 2617 781 2680 Ut
802 2614 893 2679 enim
914 2617 1008 2680 Dent
1029 2620 1249 2704 comprehen-

135 2697 238 2766 sibilia
260 2701 324 2774 est,
348 2704 428 2765 dnm
452 2721 491 2764 ex
512 2713 662 2764 creatura
685 2697 857 2784 colligitur
877 2695 956 2782 quia
979 2697 1040 2772 esi3
1064 2714 1099 2762 et
1118 2699 1250 2764 inccm·

134 2783 365 2872 prehensibilia
389 2783 452 2856 eli,
487 2781 566 2879 quia
591 2801 609 2842 a
630 2781 726 2844 nullo
747 2779 924 2846 intellectu
945 2783 1095 2845 hnmano
1115 2783 1171 2846 vel
1191 2803 1249 2846 an·

135 2867 246 2953 polico
270 2867 510 2952 comprehendi
530 2861 637 2948 potesl
658 2860 741 2947 quid
763 2864 822 2938 est,
845 2883 911 2927 nec
925 2883 944 2926 a
960 2863 1066 2950 seipso
1086 2863 1248 2952 quianon

135 2947 181 3013 esl
199 2947 300 3034 quid,
325 2948 451 3036 q'uippe
473 2942 770 3032 rependendarum
791 2945 839 3010 ita
859 2947 1159 3022 humanaementi,
1181 2925 1261 3013 hoc'

133 3033 242 3097 solum
275 3033 372 3094 datur
394 3029 502 3106 nosse,
536 3029 569 3092 se
591 3028 672 3092 esset
700 3025 784 3112 quid
805 3042 918 3092 autem
940 3029 996 3104 sat,
1024 3030 1120 3093 nullo
1142 3033 1248 3096 ruodo

134 3115 168 3181 ei
199 3113 418 3198 conceditur3
448 3128 482 3178 et
510 3114 603 3200 quod
631 3111 675 3174 esl
693 3109 881 3176 mirabilius
904 3123 938 3172 et
961 3111 1249 3179 confiderantibua

134 3198 260 3285 seipsoe
291 3211 325 3262 et
346 3194 537 3262 dominium
558 3197 654 3260 suum
675 3193 846 3281 pulcriue,
875 3193 952 3280 plut
973 3194 1130 3260 laudatur
1149 3219 1250 3264 ment

69 3319 73 3334 ι
132 3287 282 3348 humana
312 3280 349 3344 in
380 3281 438 3343 sna
468 3276 676 3365 ignorantia,
708 3298 809 3364 quam
830 3275 867 3340 in
890 3275 947 3340 sua
967 3277 1117 3344 scientia.
1160 3285 1251 3346 Lau·

135 3364 280 3433 dabiliua
302 3383 449 3450 namque
469 3361 507 3426 in
530 3383 568 3426 ea
592 3361 635 3424 all
656 3360 689 3424 se
709 3359 838 3424 nescire
859 3358 942 3446 quid
962 3360 1020 3435 sit,
1042 3383 1142 3449 quam
1163 3363 1248 3431 scire

134 3449 215 3538 qnia
237 3448 299 3524 esi3
322 3447 406 3512 ficut
425 3447 502 3532 plue
524 3461 559 3509 et
579 3443 841 3511 convenientiae
862 3439 1032 3528 pertineat
1050 3448 1093 3512 ad
1110 3446 1248 3514 divinae

133 3547 274 3598 naturae
294 3532 429 3595 landem
450 3527 587 3614 negatio
633 3547 710 3590 uam
732 3524 925 3602 affirmatio,
949 3542 983 3592 et
1000 3527 1185 3614 sapientiua
1203 3531 1249 3598 est

134 3613 291 3714 ignorare
320 3613 413 3678 illam
440 3633 541 3699 quam
564 3549 674 3684 noie,
706 3613 803 3689 cuiue
825 3607 1018 3694 ignorantia
1037 3613 1116 3678 v‘era
1137 3615 1181 3680 cll
1200 3616 1249 3681 sa·

134 3693 1247 3876 tul·notartarsatiennurtanc

133 3863 310 3930 lummodo
338 3864 401 3952 else
424 3861 548 3937 scitur,
577 3863 662 3950 qnid
682 3874 795 3924 autem
817 3857 861 3924 est
881 3859 1050 3935 nescitur,
1083 3877 1119 3928 et
1135 3879 1177 3930 ut
1196 3864 1249 3932 ita
1281 3935 1284 3942 ,

136 3946 268 4021 dicam,
303 3961 445 4033 negatur
471 3945 508 4010 in
536 3965 576 4010 ea
610 3941 695 4030 quid
718 3943 799 4019 else,
829 3940 1012 4010 affirmatur
1031 3945 1244 4016 solummodo

135 4030 218 4105 else;
238 4049 304 4092 uec
323 4030 391 4094 hoc
408 4027 541 4094 ratione
559 4042 667 4093 vacat.
703 4025 740 4090 Si
761 4023 854 4092 enim
874 4045 1136 4116 cognoaceretur
1148 4031 1247 4119 quid·

137 4116 214 4180 dam
236 4111 323 4208 esse,
358 4109 607 4198 circumscripta
627 4109 783 4210 prosectu
803 4107 976 4212 ionalicpuo
1000 4111 1097 4190 elset,
1125 4135 1165 4181 ac
1181 4134 1247 4201 per

134 4199 203 4266 hoc
221 4194 406 4284 imaginem
425 4193 475 4262 sui
495 4209 655 4264 creamur
674 4213 747 4264 noo
767 4213 910 4264 ommno
925 4217 964 4264 m
982 4193 1016 4264 se
1030 4195 1243 4285 erpr'aueret,
