3038 4828
286 249 369 326 aot
498 219 1068 324 »tteotrotmetvmeie

287 445 429 506 neutrae
448 429 591 500 omnino
610 431 716 502 essent
803 433 896 504 ertia.
938 439 1009 502 lam
1029 454 1111 504 vero
1132 438 1215 503 dum
1235 439 1273 506 iu
1295 435 1345 506 eia
1365 455 1405 505 et

283 520 407 588 levitae
427 539 636 608 pennarum,
673 523 749 586 eto
787 543 846 587 um
861 519 1084 598 conteritur,
1106 533 1141 586 et
1163 521 1332 590 volitandi
1351 523 1403 589 sa·

285 602 396 672 cilitae
418 601 645 693 dignoscitur}
668 603 867 705 apertissime
887 608 986 690 datur
1006 603 1115 670 intelli
1142 603 1174 681 ⁰,
1195 625 1267 672 non
1289 605 1402 673 solutio

287 709 329 754 er
361 709 467 792 aqna,
502 709 620 754 verum
652 704 754 756 ettam
785 709 826 755 cx
852 697 927 754 aere
948 704 1068 754 creata.
1110 625 1215 774 guod
1236 689 1338 756 ctiam
1359 711 1404 756 ex

287 771 687 924 :rtltutrtr
700 772 1179 944 ,ifflssslisstsss‘
1200 773 1403 924 olette

500 901 509 931 p
1153 899 1162 920 c
1204 913 1207 920 .

284 961 433 1028 namque
456 942 620 1027 quaedam
642 939 720 1003 sunt
743 961 828 1028 quae
848 939 990 1004 rioisfim
1013 953 1047 1003 et
1067 937 1104 1004 in
1126 947 1201 1004 aere
1221 944 1403 1028 deguntet

286 1026 324 1108 in
347 1043 451 1112 aquat
475 1037 510 1088 et
531 1025 611 1088 dum
633 1021 671 1087 in
694 1045 778 1110 aqua
798 1023 939 1098 vivunt,
961 1021 1108 1112 piscium
1131 1023 1293 1110 formam3
1316 1027 1400 1092 tum

284 1107 428 1174 veroin
449 1115 542 1182 aere,
562 1105 753 1172 volatilium
774 1107 945 1172 induunt:
967 1121 1002 1172 et
1023 1109 1090 1172 hoc
1109 1127 1171 1194 per
1193 1107 1248 1171 sex
1267 1110 1400 1175 menica

286 1203 416 1258 mutata
437 1189 547 1278 specie
568 1189 717 1255 fuciunt:
741 1191 795 1256 sex
817 1190 908 1256 enim
929 1189 967 1254 in
989 1211 1074 1278 aqua
1094 1190 1259 1265 natitant,
1286 1207 1320 1256 et
1341 1193 1396 1257 sex

286 1273 324 1340 in
355 1282 429 1338 aere
458 1272 622 1350 volitant,
658 1289 692 1340 et
712 1267 749 1338 in
772 1289 893 1338 terram
914 1273 998 1340 siout
1018 1287 1149 1338 caetera
1167 1273 1320 1340 volatilia
1342 1279 1399 1342 de·

286 1359 471 1424 scenduntt
499 1371 534 1421 et
562 1359 647 1422 haec
675 1356 802 1444 species
834 1356 947 1423 avium
1027 1355 1131 1456 guttim
1153 1356 1298 1444 semper,
1330 1359 1399 1424 sive

284 1441 323 1508 in
346 1449 437 1518 cere,
470 1439 594 1506 sivein
614 1461 722 1528 aqua,
751 1438 900 1517 incedit,
924 1455 959 1506 ct
992 1442 1086 1526 uligo
1108 1443 1305 1528 appellatur.
1325 1445 1400 1508 *Ex

285 1545 355 1614 quo
377 1527 476 1590 datur
495 1521 660 1610 intelligi,
682 1523 860 1611 utriueque
884 1523 1060 1600 clementi,
1084 1523 1168 1588 aeria
1183 1521 1345 1590 videlicet
1362 1539 1399 1592 et

284 1629 304 1676 a
328 1627 410 1685 ute,
431 1605 644 1672 substantiam
666 1607 819 1672 volatilia
839 1606 1052 1695 participare.
1094 1607 1183 1672 Sunt
1200 1621 1314 1674 autem
1330 1625 1399 1676 am·-

284 1631 424 1780 pithio,
453 1693 521 1756 hoo
549 1689 613 1766 cll,
645 1689 829 1790 duplipiter
854 1689 1024 1763 viventia,
1055 1703 1091 1788 ct
1117 1688 1155 1755 in
1187 1703 1285 1790 terra·
1302 1706 1338 1757 ct
1357 1693 1397 1758 in

264 1776 603 1942 ttt'rtlttttt
616 1773 1133 1942 ‘ttrittltttlttttltt'tt
1155 1774 1399 1924 filiiflii

284 1940 374 2004 sucta
394 1939 475 2002 esset
497 1937 514 2000 s
535 1936 625 2000 irant
647 1936 737 2002 enim
760 1952 794 2001 ct
814 1935 995 2023 respirant,
1016 1933 1164 2025 ideoque
1185 1939 1277 2006 etin
1299 1941 1396 2009 terrie

284 2037 320 2088 et
348 2021 385 2088 in
414 2029 488 2086 ae're
508 1961 684 2090 Habitent,
723 2041 809 2106 equa
829 2040 910 2084 vero
933 2020 1157 2098 suffocantur,
1189 2022 1246 2088 oui
1267 2026 1398 2114 semper

283 2105 523 2194 supernatant,
554 2117 687 2192 praeter
715 2102 772 2168 illa
801 2102 972 2190 amphibia
994 2123 1080 2191 quae
1100 2104 1221 2190 sponte
1239 2107 1342 2174 undio
1363 2109 1397 2178 se

282 2202 454 2275 mergunt.
506 2185 620 2252 Piacee
654 2205 736 2251 vero
773 2189 935 2272 quoniam
963 2189 1005 2252 de
1033 2207 1118 2273 aqua
1145 2207 1185 2254 ac
1211 2211 1302 2278 pene
1330 2193 1398 2258 sola

282 2273 378 2360 spiffa
399 2269 502 2336 creati
523 2271 626 2345 sunt,
644 2268 806 2356 quoniam
828 2269 950 2356 spirare
971 2291 1010 2336 ac
1030 2269 1205 2357 respirare,
1231 2274 1315 2338 licut
1332 2291 1397 2340 ter·
1473 2337 1476 2344 .

281 2377 364 2421 rena
387 2369 420 2418 et
441 2362 533 2417 altrea
554 2351 732 2429 animalia,
755 2365 826 2418 non
848 2354 1001 2438 poliunt:
1024 2368 1118 2419 tactu
1138 2369 1244 2420 terrae
1266 2357 1394 2424 etecrie

282 2434 437 2506 citissime
464 2451 627 2522 pereunt:
662 2457 733 2499 non
763 2451 875 2499 tamen
905 2435 1089 2522 spiratione
1118 2451 1153 2500 et
1175 2439 1395 2528 respiratione

283 2519 427 2588 omnino
454 2519 657 2605 privantur3'
685 2539 764 2582 nam
791 2518 972 2605 fipenitua
992 2519 1226 2607 privarentur,
1255 2523 1394 2612 penitet

282 2625 354 2670 non
378 2601 582 2668 dormirenta
613 2603 781 2666 dormiunt
802 2615 928 2675 autem,
955 2619 995 2666 ut
1016 2602 1064 2666 ait
1084 2603 1231 2681 Plininc,
1265 2611 1395 2686 Pisces,-

308 2686 462 2751 ulmonee
483 2683 588 2772 igitur
609 2685 772 2784 spirantet
787 2683 1187 2772 etrespitantethabentt
1210 2689 1267 2756 sed
1283 2691 1393 2778 ipsum

281 2713 437 2859 ipiritum
464 2789 535 2834 non
564 2789 604 2832 ex
630 2769 690 2834 llio
724 2767 969 2856 corpulentiori
996 2777 1086 2845 aere,
1120 2767 1177 2835 sed
1203 2775 1323 2840 exilio
1346 2790 1393 2840 te·
1429 2786 1432 2792 '

281 2851 457 2929 nuiffirno,
481 2850 663 2938 omniaque
678 2869 838 2937 corporea
853 2867 1063 2939 penetrante,
1086 2853 1270 2941 accipiunt.
1300 2857 1392 3004 (puo-

281 2937 375 3006 niam
401 2935 508 3024 igitur
527 2935 637 3022 piccea
659 2951 695 3000 et
715 2935 884 3011 volatilia,
919 2937 995 3023 plue
1016 2931 1155 3008 caeterie
1177 2937 1313 3004 animali
1339 2961 1389 3019 ur,

282 3043 323 3088 ex
350 3020 490 3088 humida
517 3036 639 3084 natura
668 3039 706 3084 ac
733 3039 823 3102 pene
851 3021 919 3084 sola
948 3017 1053 3084 creari
1074 3041 1191 3086 eorum
1213 3024 1390 3110 qualitates

269 3103 454 3172 ,manifeste
490 3105 678 3177 declarant,
717 3101 857 3166 humida
895 3123 1041 3190 namque
1074 3105 1153 3168 sunt
1184 3119 1219 3170 ct
1247 3105 1389 3196 srigida3

279 3203 459 3278 propterea
490 3205 530 3250 en
557 3185 651 3272 aquic
681 3184 826 3282 produci
856 3184 973 3250 divina
995 3185 1066 3250 Scri
1093 3201 1167 3252 tura
1187 3207 1390 3258 commemo-

280 3288 350 3337 rat:
377 3285 411 3336 et
439 3269 593 3334 intentur
622 3269 743 3354 aspice.
796 3270 875 3332 Non
906 3268 992 3333 (lixit
1021 3211 1167 3336 deificat
1197 3293 1302 3359 aqua,
1335 3275 1391 3339 sed

278 3358 466 3440 producant
485 3365 607 3436 crepitare,i
627 3367 666 3414 ut
687 3349 856 3438 intelligar
876 3373 1052 3439 aquarum,
1074 3369 1115 3418 ut
1126 3351 1282 3430 diximus,
1307 3361 1389 3422 duae

280 3439 406 3527 speciae
437 3437 520 3510 esse;
555 3431 740 3499 ¹crassiorem
765 3437 900 3520 quidem
923 3435 959 3499 in
982 3437 1102 3525 pelago
1124 3451 1158 3500 et
1178 3439 1387 3517 fluminibus,

279 3521 442 3587 leviorem
462 3517 602 3583 veroin
624 3525 712 3582 aore=
735 3517 1050 3605 ideoquediliinxit
1070 3521 1316 3599 narrationem,
1340 3523 1389 3592 ‹li-

177 3655 186 3667 .
279 3625 360 3672 cene
386 3605 573 3686 producunt
600 3621 722 3684 oquae:
751 3601 874 3666 deinde
904 3601 1079 3690 ¹subjungit
1098 3607 1235 3688 reptilia
1258 3609 1391 3672 mimae

277 3691 441 3766 viventis,
471 3699 506 3752 et
530 3686 669 3752 volatile
686 3679 796 3777 super
824 3689 966 3763 tel-rome
993 3705 1032 3752 ac
1061 3687 1221 3776 staperte
1242 3689 1388 3758 ‹licerett

278 3791 442 3862 aquarum
469 3791 539 3836 una
567 3765 694 3857 species
715 3766 847 3836 oraffior
891 3767 1007 3835 uidem
1026 3769 1154 3856 pitter,
1183 3774 1285 3839 altera
1306 3793 1389 3842 vero

278 3875 367 3948 quae
394 3851 503 3922 levior
532 3853 594 3931 eli,
625 3853 777 3919 volatilla
802 3791 890 3942 proi

271 3937 477 4030 corporibus
498 3936 573 4027 qula
591 3937 699 4024 potest
720 3937 937 4026 dignosceret
958 3935 1247 4038 picceefiquitlem
1258 3962 1312 4007 cra
1353 3959 1387 4008 o·

276 4041 562 4176 3ἓὲοὲγῖἳέ
577 4019 1388 4194 ttlttlttt,tiotrtitsttttttt

278 4191 344 4274 ait,
367 4186 475 4290 [τιμον
501 4203 625 4258 terrum
640 4184 717 4285 sul.
726 4190 939 4286 fimamento
959 4191 1061 4259 coelia
1087 4203 1202 4278 aperte
1221 4189 1387 4281 fignifictt

890 3869 984 3920 ucat:
1013 3853 1228 3942 quodetiam
1249 3857 1321 3923 exi
1347 3857 1388 3924 sra
1509 3863 1512 3884 ⁴
