3036 4862
298 251 382 328 “s
618 251 675 324 lle
694 252 879 326 ssleuim
896 249 1069 324 Nestane.

300 435 500 507 uodcrribua
519 439 692 525 apparata·
715 431 921 520 subtrabitur
950 451 1064 504 antem
1092 456 1154 522 per
1178 435 1321 504 verbum
1340 438 1416 502 Do-
1486 413 1487 424 ἵ

299 520 627 590 uriniwidalieamea
640 521 791 589 mutatio
801 565 821 598 ,1
834 543 921 610 quae
939 523 1059 586 morbo
1075 521 1205 600 ¹formae
1224 520 1415 607 superacci·
1486 571 1487 588 r

199 609 206 622 '
300 605 370 674 dit'..
383 634 389 664 ·.
404 606 489 670 Nam
509 604 617 670 veluti
635 603 738 670 societ
758 607 922 692 quaedam
943 602 1207 690 adalienaipsa
1226 616 1288 690 per
1304 603 1416 668 insor-
1486 667 1487 688 χ

298 687 452 770 mitatem
474 687 668 754 deformitas
689 685 1094 775 sormam=·dqrneltmtlit,
1117 709 1184 774 qua
1198 685 1416 754 informitate

297 793 361 860 per
386 773 530 838 verbum
560 771 813 849 circumablata,
847 773 942 838 licut!
957 770 1002 836 in·
1017 773 1198 848 Naaman,
1217 771 1276 836 seu
1295 769 1333 834 in
1353 770 1414 834 hie
1486 759 1487 850 l

299 855 360 944 qui
378 853 419 920 in
436 855 852 943 Euangeliomarrantnr,
869 855 996 920 iterum
1016 857 1193 921 ubtcurata
1213 853 1273 920 rub
1319 853 1416 918 allio·

298 961 344 1004 ue
358 937 466 1003 saciet
483 943 548 1027 lper
566 939 743 1020 sanitatem
763 941 800 1006 in
823 937 890 1004 suia
911 937 1113 1006 notionibut
1128 939 1268 1004 relucet.
1294 877 1415 1022 igitur

298 1019 595 1088 inrdeiiormitarc
616 1021 754 1088 animae
773 1040 858 1089 ¹uon
890 1021 1041 1087 fluxibile
1065 1045 1126 1109 per
1148 1019 1415 1088 mutabilitatem

289 1103 1414 1264 {institissestesselis?‘ttulistis‘{2

298 1270 447 1360 speeiem
477 1235 685 1373 differentiae,
709 1273 801 1362 ipsae
822 1273 999 1338 mutabiler
1020 1210 1414 1356 coricretiouiallpualita·

297 1369 349 1421 tea
371 1358 633 1433 trantsotmant,
654 1355 829 1424 concretio
849 1378 931 1422 vero
952 1375 1024 1422 non
1045 1355 1110 1420 alia
1131 1355 1174 1420 esl
1195 1369 1326 1441 praeter
1345 1355 1414 1420 ele-

297 1454 492 1506 mentorum
512 1439 710 1506 mixturam:
731 1443 897 1507 elementa
918 1455 1030 1506 autem
1052 1437 1196 1504 dicimur
1217 1437 1416 1503 nuiterfita·

267 1592 269 1600 ,
296 1522 343 1588 tia
364 1523 599 1590 constitutioni
616 1525 783 1604 subjecta,
806 1545 847 1588 ex
869 1522 991 1610 quibua
1013 1520 1115 1588 etiam
1137 1525 1324 1586 humanum
1338 1541 1414 1586 cor-

258 1619 262 1628 ·
296 1625 362 1693 pua
383 1609 526 1674 consiata
547 1607 727 1672 necessario
749 1607 861 1694 specie
881 1605 991 1670 veluti
1013 1603 1170 1692 descripti
1190 1603 1352 1691 signaculi
1368 1603 1416 1669 iu

300 1689 414 1756 anima
444 1705 682 1778 permanente,
724 1711 837 1778 neque
861 1691 1073 1754 reformanda
1102 1687 1140 1753 in
1168 1688 1338 1775 signaculo
1366 1689 1414 1754 ad

297 1771 440 1838 formam
461 1776 502 1838 ab
524 1773 566 1837 e'a
584 1771 744 1838 videlicet
767 1772 879 1840 anima
899 1773 1118 1861 ignorantur,
1140 1769 1255 1838 sedin
1278 1785 1411 1857 tempo-

296 1875 340 1919 re
365 1855 614 1922 reformationis
642 1856 701 1920 illa
727 1856 851 1936 iterum
873 1860 915 1922 td
935 1856 969 1922 se
989 1855 1095 1944 ipsam
1113 1853 1275 1940 recipiet,
1309 1875 1413 1940 quae·

296 1957 441 2090 mss}
462 1939 812 2088 ismaelitis}
833 1935 1279 2090 studuisti-'ll
1293 1951 1412 2086 2¹:2⁰3}

294 2104 442 2172 Videane
463 2105 476 2170 i
502 2043 569 2172 ‘tuqr
589 2129 690 2194 quarn
710 2107 860 2172 imiliter
881 2105 1010 2194 primae
1025 2103 1238 2203 conditionis
1258 2102 1412 2190 proprie·

245 2232 251 2248 .
295 2203 401 2254 tatem
422 2192 462 2254 ab
508 2189 538 2254 ia
561 2210 647 2276 quae
668 2190 881 2278 superaddite
902 2190 980 2254 snut
1001 2187 1191 2252 draccrnrtl
1222 2187 1411 2271 Quodcun-

295 2293 364 2358 que
391 2271 485 2338 enim
503 2272 542 2336 in¹
562 2275 719 2340 humanit
742 2271 939 2372 corporibua
963 2270 1174 2336 immutabile
1191 2269 1409 2368 intelligitur,

205 2361 210 2379 '
294 2355 425 2441 primae
454 2354 662 2420 conditioni·
694 2377 870 2443 proprium
900 2355 962 2429 cll,
997 2352 1076 2438 quic
1100 2351 1160 2418 uid
1188 2373 1269 2418 vero
1298 2375 1336 2418 ru
1359 2351 1410 2418 eia

288 2436 458 2528 .¹l¹¹²²¹b³¹⁰
490 2453 525 2502 et
554 2437 687 2502 varium
715 2436 1035 2526 percipitur,'illnd
1062 2375 1106 2502 el
1137 2437 1406 2522 superadjectum
1454 2524 1455 2528 Ἰ

294 2534 454 2604 extraque
489 2536 644 2584 naturam
672 2522 896 2586 snbslitutnm.
954 2518 1192 2584 Universaliter
1222 2535 1336 2585 autern
1366 2519 1406 2584 in

293 2602 453 2668 omnibus
485 2602 682 2690 corporibus
711 2603 868 2670 humanit
891 2623 960 2666 una
982 2605 1165 2689 eademque
1186 2603 1293 2670 forma
1314 2623 1407 2671 com·

293 2683 409 2752 munia
430 2685 588 2750 omnium
604 2683 826 2774 intelligitur:
849 2701 883 2750 et
904 2687 1033 2770 semper
1047 2685 1086 2756 in
1105 2686 1263 2752 omnibus
1276 2685 1407 2752 incom-

293 2769 503 2840 mutabiliter
529 2770 599 2834 stat.
652 2769 1026 2836 Nam-innumerabiles
1056 2769 1283 2846 differentiae,
1320 2791 1408 2866 qnae

293 2849 403 2918 eidem
425 2853 552 2932 formae
574 2851 753 2930 accidunt,
778 2875 850 2918 nou
875 2853 1068 2918 erratione
1113 2853 1217 2916 rimae
1239 2854 1410 2918 conditio·

290 2933 366 3010 raia,
401 2937 458 3002 scd
489 2957 528 3002 ex
550 2935 768 3024 qualitatibus
790 2935 1062 3023 corruptibilium
1084 2877 1250 3002 feminum
1272 2937 1407 3002 contin·

291 3033 402 3118 &mig
431 3020 504 3105 ipsa
533 3019 639 3168 iffitpr
669 3019 985 3119 formalpiritualia
1015 3019 1186 3106 spirituale
1217 3040 1339 3107 corpur
1361 3021 1407 3086 cll

291 3121 551 3258 mellitis
572 3107 851 3272 ,stillost
872 3104 1406 3272 {tttttttbttsztzttzz

287 3283 483 3339 mentorum
512 3267 633 3365 mnndi
660 3267 820 3335 serrfibilia
852 3291 929 3334 curn
957 3270 1028 3366 ipsa
1064 3269 1172 3334 forma
1194 3271 1403 3368 qualitativa,

292 3353 336 3416 de
351 3373 422 3438 qua
444 3349 482 3414 in
503 3353 672 3436 prtortbut
694 3351 787 3418 libria
810 3353 1074 3440 disputavimus,
1109 3375 1270 3440 quonlam
1292 3369 1326 3418 et
1347 3377 1405 3418 au-

287 3429 361 3522 guri
390 3449 426 3497 et
453 3431 565 3498 minui
592 3433 783 3520 patiuntur,
819 3439 862 3502 ad
883 3436 1159 3522 compositionem
1181 3435 1402 3523 superadiecti

287 3537 336 3590 ac
361 3515 469 3580 veluti
496 3515 656 3604 superflui
685 3520 836 3606 corporis
866 3519 1036 3606 pertinere
1064 3541 1135 3584 non
1165 3519 1306 3586 dubium
1338 3523 1401 3586 eli:

287 3600 382 3686 quod
410 3619 532 3696 corpur
560 3599 732 3666 materiale
765 3619 799 3668 et
820 3603 964 3668 exterior
986 3602 1094 3670 veluti
1117 3607 1286 3690 quoddam
1307 3605 1403 3670 velli·

170 3728 176 3737 -
288 3697 443 3748 mentum
464 3681 635 3754 interioria
661 3699 696 3750 et
715 3686 876 3752 naturalia
893 3699 965 3753 uon
982 3686 1171 3774 incongrue
1186 3687 1399 3776 intelligitur.

289 3769 450 3832 Moretur
470 3765 562 3830 enirn
582 3789 643 3853 per
663 3783 815 3856 tempora
838 3784 872 3832 et
892 3783 1036 3846 aetatct,
1060 3786 1280 3867 augmentum
1298 3788 1333 3836 et
1344 3775 1401 3838 de-

288 3848 487 3922 trimentum
515 3849 566 3914 sni
613 3849 768 3930 rtiendo,
796 3853 856 3924 illo
876 3853 1006 3941 semper
1026 3853 1182 3920 interiori
1201 3853 1240 3920 iu
1262 3857 1322 3923 suo
1342 3857 1401 3924 lla·

287 3948 327 4000 tu
347 3875 671 4001 incommutabiliter
690 3951 861 4006 manente.
1131 3989 1134 4005 .
1231 4000 1236 4014 ,

267 4053 272 4068 ι
349 4029 400 4094 13.
434 4017 501 4081 Sed
531 4017 692 4104 quoniam
721 4036 757 4086 et
783 4020 870 4094 illud
901 4017 1046 4086 exterior
1068 4039 1087 4084 a
1107 4023 1183 4088 Deo
1205 4021 1333 4089 factum
1356 4023 1400 4089 cll

286 4112 323 4164 et
341 4099 614 4187 superadditum,
645 4099 782 4168 divinae
802 4102 964 4170 bonitatis
985 4125 1039 4170 ma
1088 4102 1186 4172 itudo
1209 4121 1244 4171 et
1262 4105 1399 4174 infinita

285 4201 364 4272 erga
385 4183 500 4252 omnia
521 4205 608 4273 quae
628 4184 707 4252 sunt
726 4185 959 4288 providentia,
993 4187 1108 4256 nouit
1128 4187 1240 4278 perire
1260 4189 1399 4281 penitna
