3036 4862
543 267 653 340 mter
673 269 839 354 demtus.
900 306 902 315 ·
1170 223 1255 348 dd?

137 447 197 516 fed
224 405 336 517 totum
367 448 405 518 lu
425 451 566 520 bomine
586 454 823 531 constitutum,
853 452 1037 546 grtalffima
1058 459 1249 545 quaestione

137 533 216 622 peri
255 533 345 603 neria
367 533 533 613 dioendo,
564 535 838 604 irrationabilitas
860 559 939 626 ergo
959 537 997 604 in
1019 559 1060 604 eo
1083 541 1171 608 facta
1192 543 1247 622 est,

139 619 217 684 stb
266 617 410 694 ’olitas.1
443 621 732 708 erumperetur,
754 621 957 702 volatilitas,
981 643 1165 714 omnesque
1186 626 1249 692 dii·

1 799 2 802 ,
138 700 303 800 ignoratiae
333 641 758 803 &veriorum-animalium
779 704 986 806 aliarumque
1004 729 1127 774 rerum.
1169 711 1248 810 Spe·

135 793 1249 968 lttltlttl'sslt‘llttt‘:ttl‘llla‘lllssltlttt

137 965 210 1026 tur,
233 975 271 1016 ru
293 967 426 1018 tantum
447 969 487 1023 nt
507 955 530 1020 st
552 955 685 1056 homini
706 956 809 1024 inelie
829 955 1030 1034 constiterit,
1058 957 1247 1062 ellebomi·
1299 1015 1301 1022 ,

136 1055 220 1185 ἔῗῖ
246 1030 792 1211 {littliil‘t‘ttffintlt
810 1041 1249 1274 tllllfgltltltt

136 1201 401 1282 deliberetione‚
424 1203 589 1294 quioquid
610 1211 650 1272 ab
674 1206 741 1276 alio
763 1229 808 1296 op
834 1225 993 1276 oneretur
1013 1209 1039 1275 ti
1064 1209 1076 1274 i
1096 1209 1168 1296 ipis
1190 1223 1248 1296 op-

134 1285 291 1386 posuisti,
315 1309 355 1354 ac
374 1309 436 1375 per
456 1291 525 1388 boo
544 1306 602 1356 aut
623 1233 877 1390 eamreierabin
901 1309 959 1358 aut
970 1294 1145 1360 abstrusam
1155 1313 1248 1379 prae·
1302 1379 1306 1386 Ι

135 1373 272 1447 tsnbrs,
303 1387 339 1436 et
367 1375 411 1436 ad
443 1374 542 1438 altam
571 1373 748 1449 transibis,
778 1380 871 1462 quod
899 1378 996 1442 valde
1019 1375 1247 1463 incongruum

133 1451 319 1555 videbitur.
361 1457 421 1556 M..
434 1457 608 1522 Conemur
629 1481 708 1558 ergo
730 1460 836 1526 illam.
868 1463 1096 1526 uodammodo
1119 1457 1249 1558 oonlpi·

134 1557 223 1614 cart,
241 1560 301 1604 na
328 1559 470 1606 omnmo
500 1541 627 1610 intaeta
658 1543 796 1609 interim
821 1483 1040 1630 rdinquatur.
1081 1546 1126 1607 D.
1157 1541 1253 1610 Mrbi.

135 1619 234 1684 aliter
264 1621 452 1689 satisfacere
480 1646 551 1692 non
578 1626 715 1693 valebit.
758 1629 808 1692 Μ.
831 1629 943 1694 Omne
984 1627 1054 1692 nod
1075 1624 1250 1714 cognosci·

134 1717 192 1767 tur
222 1703 259 1768 in
290 1705 468 1774 intellectu
496 1725 530 1774 et
551 1709 683 1776 ratione
704 1712 761 1775 seu
783 1731 946 1799 corporeo
962 1649 1067 1776 ieniu
1086 1709 1248 1797 imagina-

134 1800 377 2018 {tffiepzrrtasn'e
398 1791 435 1938 irtr
457 1791 610 1944 iffiogui
635 1793 797 1882 intelligit
820 1811 854 1860 et
876 1794 977 1859 sentit
997 1795 1248 1880 quodammodo

295 1895 361 1938 eurr
393 1897 412 1940 e
456 1897 475 1940 e
512 1899 544 1942 cr

612 1881 654 1942 D.
684 1879 824 1944 Videtur
854 1878 942 1944 mihi
969 1879 1070 1964 polle.
1123 1879 1248 1941 Rerum
1345 1879 1353 1902 ⁸

160 1953 298 2040 quidem
330 1958 534 2025 leuiibilium
566 1959 693 2058 species
724 1978 758 2026 et
785 1961 991 2052 quantitates
1014 1975 1048 2024 et
1071 1959 1248 2044 qualitates
1380 2029 1383 2037 ,

134 2059 218 2123 quas
246 2061 410 2127 corporeo
432 2043 530 2108 sensu
551 2059 708 2128 attingo:
737 2047 987 2130 quodammodo
1009 2042 1045 2106 in
1067 2064 1123 2104 me
1144 2039 1248 2107 creari

133 2135 237 2207 putot
270 2145 385 2190 earum
414 2145 562 2212 namque
589 2127 776 2214 phantafiaa
808 2129 888 2189 dum
920 2123 1103 2190 memoriae
1128 2123 1247 2210 infigo,

133 2225 256 2290 easque
279 2205 369 2270 inter
389 2207 556 2294 meipsum
579 2225 704 2280 tracto.
728 2206 865 2281 divido,
889 2227 1066 2294 comparo,
1089 2205 1248 2272 aoveluti

133 2285 171 2351 in
200 2286 368 2354 unitatem
391 2295 559 2375 quandem
582 2289 723 2377 colligo,
756 2293 925 2377 quandam
946 2289 1105 2355 notitiam
1124 2311 1248 2368 rerum,

133 2391 220 2470 guae
242 2387 333 2436 extra
354 2395 409 2437 me
429 2374 508 2437 lunt
528 2372 565 2437 iu
586 2395 643 2438 me
665 2371 750 2436 effici
765 2373 943 2462 perspicio.
972 2371 1136 2438 Similiter
1146 2373 1248 2448 etiam

133 2454 277 2520 artterius
298 2455 566 2544 intelligibilium
588 2477 673 2544 quae
695 2457 901 2530 soloanirno
922 2458 1154 2542 contemplare
1175 2475 1249 2521 ver·

134 2533 171 2603 bi
189 2538 317 2638 gratia.
345 2539 535 2605 liberalium
557 2539 811 2628 disciplinarum
854 2543 992 2606 uaedam
1013 2539 1173 2606 notiones
1193 2560 1249 2606 ve·

134 2623 200 2686 luu
229 2622 461 2711 intelligibiles
489 2623 634 2710 species,
667 2627 747 2692 dum
780 2563 923 2690 studiose
954 2645 1008 2689 eas
1029 2621 1189 2710 perquiro
1209 2621 1247 2688 irt

134 2707 306 2773 manasei
328 2723 363 2771 et
381 2705 454 2772 fieri
476 2707 641 2792 intelligo.
686 2707 780 2790 Quid
801 2725 914 2772 autem
936 2707 1071 2772 interest
1082 2707 1173 2770 inter
1185 2725 1248 2772 no·
1307 2710 1343 2756 '¹⁸

51 2781 65 2871 ζ
139 2787 250 2854 titiam
280 2805 315 2852 et
336 2812 388 2854 res
410 2789 497 2874 ipsas
523 2810 663 2873 quarum
684 2790 807 2854 notitia
828 2793 889 2867 est,
919 2793 1020 2876 plane
1040 2809 1112 2854 non
1133 2787 1247 2854 video.

133 2873 186 2938 M·
219 2871 314 2956 Quid
339 2871 403 2936 tibi
428 2871 587 2935 videtur?
619 2872 711 2934 Num
738 2872 842 2938 unius
870 2889 1011 2938 naturae
1046 2871 1247 2937 aualterius

134 2951 215 3017 l'unt
234 2975 304 3023 res.
327 2975 509 3040 earumque
529 2947 674 3051 notitiae
695 2953 837 3041 quaein
858 2956 974 3020 animo
994 2954 1107 3018 liunt?
1130 2957 1174 3018 D.
1195 2956 1248 3018 dl·
1367 2986 1371 2995 ·

133 3035 250 3101 terius.
294 3038 477 3122 Quomodo
500 3035 591 3102 enirn
613 3059 716 3102 unius
738 3052 876 3102 naturae
900 3037 964 3102 erit
984 3035 1249 3123 ipecieaeorpo·

131 3141 207 3194 rea.
231 3121 327 3187 verbi
349 3121 473 3208 gratim
497 3124 671 3202 cujusdam
694 3119 867 3197 animalis,
890 3122 948 3184 leo
963 3121 1106 3193 herbae,
1130 3119 1187 3182 feu
1201 3141 1248 3186 as·

134 3203 247 3280 boris,
271 3222 305 3269 et
325 3204 450 3270 notitia
469 3210 540 3286 ejus
562 3227 648 3292 quaa
669 3203 705 3268 in
727 3219 847 3270 natura
866 3204 1067 3290 incorpores
1079 3199 1248 3266 allicitur?

132 3291 260 3354 Eadem
280 3289 432 3363 ratione,
464 3291 636 3376 quomodo
659 3287 847 3386 cujuspiam
870 3285 1070 3373 disciplinae
1090 3283 1249 3384 intelligi·

132 3371 211 3438 bilis
241 3372 368 3460 species
389 3389 424 3438 et
439 3373 562 3438 notitia
584 3371 686 3458 ipfius
706 3393 809 3436 unrua
830 3387 971 3436 naturae
991 3369 1128 3456 poliunt
1148 3367 1246 3434 faeni

132 3457 182 3521 M.
207 3455 243 3521 si
268 3481 303 3522 er
327 3477 365 3530 o.
392 3452 528 3521 alterius
548 3455 682 3542 generis
703 3455 762 3519 seu
783 3469 924 3527 naturae
945 3467 980 3517 et
999 3471 1071 3518 non
1085 3454 1248 3530 ejusdem,

132 3537 190 3605 dic
211 3563 276 3626 qus
311 3562 333 3606 o
354 3539 438 3626 quid
458 3543 581 3604 horum
602 3537 821 3625 praestantius
841 3539 1042 3625 ponendum
1064 3534 1249 3612 arbitrarist

133 3644 220 3688 nom
247 3621 432 3690 exoelfioris
453 3638 593 3690 naturae
615 3623 697 3686 lunt
712 3643 766 3687 ree
786 3619 932 3768 Γτορτὶὴ
952 3618 1172 3695 notionibust
1204 3639 1247 3683 an

135 3705 227 3792 iplse
257 3707 417 3773 notiones
449 3707 574 3771 rebus?
606 3710 649 3770 D.
684 3705 834 3770 Visrbies
861 3703 987 3791 species
1013 3701 1165 3768 melioris
1187 3703 1250 3768 elle

132 3805 274 3855 naturas
293 3789 494 3858 notionibus
517 3811 631 3854 earnm
654 3787 814 3864 dixerim,
838 3789 862 3852 li
883 3790 1030 3852 Sanetus
1045 3785 1250 3874 Augustinus
1374 3785 1381 3800 '

103 3908 109 3920 ·
134 3871 172 3936 in
193 3893 287 3939 nouo
311 3877 352 3938 de
373 3873 544 3940 Trioitste
563 3871 748 3938 undecimo
766 3869 916 3960 capitulo
931 3873 1032 3936 talem
1046 3869 1250 3936 seutentiam

133 3975 209 4020 nou
229 3955 474 4045 pronuntiaret.
519 3959 587 4024 Cur·
604 3979 667 4040 per
678 3951 830 4049 sanstae,
856 3953 895 4020 iu
919 3955 990 4030 uit,
1012 3957 1160 4036 eorporis
1181 3955 1249 4018 als·

133 4042 237 4106 eiuras
256 4063 409 4124 corpora.
427 4042 477 4132 fit
496 4044 608 4128 aliquit
630 4063 740 4106 eornm
752 4039 863 4129 santil'
963 4043 998 4102 in
1012 4043 1122 4113 etnim
1136 4036 1250 4123 masth

131 4145 218 4212 qm
247 4121 428 4228 plumascu
446 4128 620 4193 memorius
639 4125 710 4220 ‘stt
739 4147 804 4190 aton
825 4128 909 4190 enin
923 4128 1062 4190 omuino
1084 4128 1121 4208 ip
1135 4131 1248 4185 a’cstt-

133 4231 223 4294 ports
237 4232 277 4276 sn
294 4209 406 4278 animo
416 4208 502 4302 sant
521 4233 595 4277 sans
615 4233 655 4276 ea
674 4211 878 4292 cogitamus,
890 4205 959 4304 sad
976 4229 1086 4274 sonem
1113 4205 1247 4272 rutilius·
