3038 4828
306 269 388 343 274
571 311 574 322 ·
642 267 696 336 lle
716 255 897 336 dimone
918 260 1092 336 Neaerae.
1116 269 1124 286 '

307 451 462 529 avesa,
484 452 534 520 aa
556 451 648 518 nsua
669 451 714 518 aa
732 450 896 540 praeteri
921 429 1253 536 romm‘fimplicium
1266 461 1309 524 ,a
1330 444 1423 512 aare

307 535 507 628 parabilium
545 537 789 604 elementorum
821 534 883 600 uni
899 535 1037 614 annitar
1061 547 1283 600 conventum.
1337 531 1427 596 Ideo

309 637 423 690 autem
449 619 606 688 additum
636 615 697 696 cst,
735 619 773 684 in
801 634 966 707 quantum
986 637 1127 706 corpora
1147 617 1244 694 lunt,
1275 637 1322 680 ne
1366 612 1425 680 uia

308 703 506 774 existimarat
531 725 597 770 nos
625 693 826 772 [distantias
844 723 982 780 rernm,
1005 701 1063 767 lau
1093 721 1233 788 genera,
1271 699 1329 766 len
1342 635 1426 786 ipe-

116 762 122 782 *
194 821 203 840 ·
309 789 399 866 cies,
432 789 491 854 leu
522 785 614 854 illam
641 787 777 864 vitam,
803 807 890 874 quae
910 783 1025 852 omnia
1045 805 1203 872 corpora,
1237 779 1427 882 inquibus

306 889 422 940 motus
440 869 553 936 vitalia
575 891 615 937 co
665 871 810 946 ascitur,
845 885 879 934 et
900 869 1064 948 animare,
1102 883 1137 933 et
1156 884 1286 932 nutrire
1306 865 1424 954 perhi-

306 959 425 1032 betur,
458 951 497 1019 in
527 957 596 1020 lroe
638 975 700 1020 oco
729 953 889 1040 tetigiffe,
925 956 979 1018 vel
1010 953 1173 1032 tractalle.'
1212 953 1306 1016 llaec
1328 949 1426 1016 enim

277 1065 281 1076 ’
307 1043 394 1104 ultra
417 1059 558 1102 omnem·
573 1037 805 1103 universaliter
826 1057 1021 1124 corpoream
1043 1052 1197 1100 naturam
1218 1050 1252 1099 et
1274 1033 1363 1108 lunt,
1387 1049 1427 1098 et

308 1122 566 1210 intelligunturt
597 1137 633 1184 et
654 1123 722 1187 fine
744 1121 866 1208 quibua
886 1121 980 1186 nulla
1002 1140 1162 1206 corporea
1183 1132 1321 1193 natura,
1352 1115 1426 1181 live

308 1203 653 1292 incompreheusibilis
676 1205 714 1269 fit
735 1205 879 1270 lenibus
901 1203 1091 1292 corporeis,
1114 1218 1154 1266 ut
1176 1203 1254 1266 lunt
1275 1215 1425 1288 quatuor

228 1347 247 1366 ,
297 1285 365 1356 'illa
386 1291 572 1370 elementa,
605 1287 791 1374 dequibus
814 1287 1055 1374 nuncagitura
1090 1286 1157 1352 five
1178 1283 1425 1372 comprehend-

290 1372 404 1450 tilis,
432 1386 474 1435 ut
508 1373 588 1436 lunt
620 1372 822 1436 diversarum
844 1371 1044 1458 qualitatum
1064 1368 1288 1434 materialium
1309 1389 1425 1432 rerum

307 1454 494 1523 sanabilem
515 1453 789 1520 constitutionem
810 1454 1049 1540 praestantium
1063 1469 1264 1518 conventus.
1297 1453 1426 1536 Quam·

308 1539 362 1606 ris
382 1539 497 1625 itaque
521 1537 720 1624 qualitatum
745 1541 908 1624 quaedam
925 1537 1062 1624 quidem
1078 1535 1114 1600 in
1156 1531 1334 1600 uibuada'm
1351 1553 1426 1600 eon
1496 1547 1499 1552 '

334 1621 449 1688 oribus
483 1623 589 1707 plna,
616 1624 780 1718 quaedam
810 1641 892 1686 vero
924 1619 1039 1686 minus
1059 1559 1205 1685 senliism
1227 1633 1426 1706 appareant,

308 1647 459 1790 iynodua
487 1719 601 1792 tamen
628 1705 778 1792 apiarum
810 1704 1055 1769 catholicorum
1075 1705 1426 1770 Elementorum,una

308 1791 425 1854 eadem
449 1807 493 1850 ue
526 1785 743 1852 uniformiter
772 1785 1081 1860 commensurabilia
1110 1785 1147 1852 in
1177 1783 1335 1852 omnibus
1366 1783 1423 1849 etl.

305 1873 406 1938 Mens
427 1810 589 1956 iquidem
611 1868 726 1934 divina
749 1869 1031 1934 examinationem
1048 1865 1154 1934 totius
1168 1866 1334 1934 mundani
1347 1889 1423 1932 con

307 1953 401 2044 poris
421 1952 511 2017 int'ar
533 1955 615 2017 duaa
638 1952 862 2018 extremitates
883 1952 942 2018 sabi
963 1949 1111 2018 invicem
1132 1973 1150 2018 e
1171 1951 1340 2018 contrario
1361 1971 1423 2037 op·

334 2035 606 2122 ofitaa,acquali
627 2037 724 2100 lance
744 2035 903 2113 libravit3
934 2035 1024 2100 inter
1046 2035 1245 2122 gravitatem
1266 2034 1363 2109 dico,
1386 2049 1425 2097 et

307 2063 500 2196 ievitatem,
534 2117 625 2182 inter
659 2140 740 2205 quas
772 2117 882 2184 omnis
911 2117 1074 2183 medietas
1100 2117 1281 2184 vifibilium
1303 2137 1425 2204 corpo·

247 2246 249 2252 r
307 2227 384 2272 rum
404 2205 591 2290 ponderata
612 2201 665 2265 est.
709 2201 858 2266 Proinde
879 2201 993 2266 omnia
1014 2221 1174 2288 corpora,
1196 2202 1421 2290 inquantum

348 2287 508 2352 avitatem
528 2281 751 2371 participant,
766 2285 968 2350 intantum
990 2301 1195 2350 terrenarum
1217 2286 1421 2373 qualitatum

323 2385 388 2435 unt
408 2366 559 2454 capacia,
581 2371 649 2432 hoo
671 2368 731 2444 est,
754 2367 949 2448 soliditatis,
973 2384 1006 2432 et
1026 2365 1227 2444 stabilitatis,
1245 2369 1290 2433 in
1313 2389 1420 2456 quan·

308 2469 382 2518 tum
402 2471 484 2518 vero
506 2471 547 2514 ex
566 2450 705 2514 levitate
727 2455 919 2524 attrahunt,
943 2451 978 2516 in
1002 2467 1133 2516 tantum
1149 2452 1325 2540 qualitates
1342 2473 1420 2516 eoe-

212 2612 215 2619 ,
307 2537 400 2602 lellea
424 2531 647 2622 participant,
669 2533 870 2598 inanitatem
886 2534 982 2614 dico,
1007 2535 1323 2604 etmutabilitatem.
1345 2537 1422 2600 Me·

310 2618 366 2686 dia
388 2634 523 2692 auteur,
546 2637 632 2702 quae
654 2617 751 2681 fimili
773 2617 951 2682 libramine
973 2619 1216 2686 extremitatem
1231 2619 1418 2708 attingunt,
1441 2669 1445 2676 .

310 2701 440 2789 aequali
460 2698 721 2787 participatione
741 2701 875 2766 illarum
894 2702 1068 2788 qualitates
1083 2701 1259 2790 pallident.
1290 2707 1328 2768 ln
1345 2725 1417 2769 om·

307 2786 410 2854 nibus
430 2785 555 2872 [autem
588 2799 731 2870 quatuor
767 2786 1020 2850 Elementorum
1056 2781 1295 2852 unilerlalium
1326 2805 1420 2854 unua

308 2869 467 2956 idemque
488 2883 602 2932 motus
624 2868 682 2940 est.
721 2867 890 2942 etstatua,
927 2885 960 2934 et
982 2869 1165 2956 capacitas,
1199 2871 1418 2958 et'polleffio.

242 2995 251 3014 .
308 2955 357 3018 Μ.
378 2950 602 3018 Probabiliter
621 2951 814 3036 responsam
838 2953 890 3016 ell.
928 2957 965 3016 ln
989 2957 1056 3018 hoo
1075 2951 1168 3018 enim
1190 2975 1314 3020 omnes·
1328 2957 1417 3038 Phy-

309 3037 366 3104 saoi
388 3034 614 3102 consentiunt.
643 3035 775 3121 Ubique
796 3035 900 3122 igitur
914 3037 997 3100 lunt
1018 3058 1079 3122 per
1099 3051 1208 3102 toturn
1232 3039 1416 3103 lenfibilem

308 3123 476 3206 mundum
504 3118 633 3206 aequali
666 3119 915 3196 mensuratione
937 3135 1036 3204 atque
1058 3122 1240 3196 concursu,
1272 3137 1420 3208 quatuor

192 3237 196 3254 .
308 3201 479 3292 puriffima
501 3205 669 3276 elementa*
686 3203 897 3268 firmamenti·
913 3205 1079 3268 vocabulo
1101 3203 1215 3268 divina
1238 3205 1419 3270 auctorita-

310 3301 353 3368 te·
374 3286 548 3372 appellata.
593 3289 637 3347 lt:
667 3290 737 3349 lam
771 3289 885 3350 datutn
914 3287 973 3361 est,
1010 3302 1044 3350 et
1071 3287 1202 3352 ratione
1224 3287 1416 3364 inventum,

311 3371 513 3456 Graecorum
528 3385 672 3454 'quoque
694 3369 872 3434 nominum
892 3369 1125 3455 interpretatio
1141 3357 1294 3446 rediret,
1317 3373 1416 3460 siqui·

213 3463 217 3472 '
312 3451 394 3528 dada,
418 3447 488 3539 πῦρ
510 3448 806 3542 'ignispropter'ea
829 3453 970 3540 dicitur,
1005 3470 1045 3518 ut
1065 3451 1223 3532 arbitror;
1243 3453 1332 3542 ⁸quin
1353 3477 1418 3542 per

310 3553 440 3634 poros,¹
458 3537 525 3598 hoo
545 3535 603 3611 est,
627 3537 777 3600 occultos
801 3551 930 3601 meatus
952 3536 1064 3602 omniu
1080 3537 1244 3623 penetral.
1273 3539 1416 3604 Nullum

207 3684 211 3694 ,
312 3639 405 3684 cmm
424 3637 546 3706 corpus
568 3619 631 3695 est,
663 3639 703 3684 ex
723 3619 901 3707 quoig'nia
923 3619 1034 3685 excuti
1056 3641 1126 3686 non
1148 3623 1256 3686 valcat
1276 3621 1417 3687 collifio·

311 3718 356 3786 ne
383 3703 525 3788 quadarn
560 3717 729 3767 attractus.
772 3705 856 3770 Nam
878 3703 1010 3770 attritus
1030 3707 1198 3770 undarum·
1219 3705 1415 3778 scintillant,

312 3807 377 3882 nec
398 3783 538 3849 omnino
561 3803 751 3864 currerent,
772 3787 796 3850 fi
816 3785 994 3853 caliditatis
1015 3803 1164 3876 expertes
1183 3790 1294 3855 allent.
1319 3789 1432 3874 Quid.

312 3868 420 3934 dream
449 3871 491 3932 de
519 3869 704 3945 coloribus,
740 3867 799 3956 qui
828 3873 870 3936 de
898 3871 983 3936 lucis
1011 3891 1131 3938 natura
1159 3876 1283 3960 absque
1305 3870 1412 3938 dubio

310 3951 524 4102 proceddsst’l
555 3973 626 4018 non
660 3954 826 4020 omnibus
851 3956 1047 4042 corporibus
1070 3957 1257 4043 superfusos
1279 3957 1342 4022 elle
1362 3953 1416 4020 vi·

251 4104 256 4128 Ι
335 4035 456 4123 amus?
488 4039 552 4101 dit
578 4036 790 4113 nominatus,
825 4035 847 4102 i.
872 4059 902 4102 e.'
934 4037 1086 4126 spiritua,
1118 4043 1197 4127 quia
1217 4035 1415 4128 peremnia

312 4117 327 4182 l'
351 4109 440 4184 ‘rats'
464 4116 563 4187 Nulla
587 4141 746 4207 namque·
767 4119 926 4188 lenlsbilis
946 4135 1065 4188 natura
1088 4123 1151 4200 est,
1185 4143 1285 4212 quam
1308 4121 1415 4188 rabu-

309 4137 533 4308 liiiimpe‘odt
557 4217 734 4290 penetrare
766 4227 834 4270 non
868 4203 987 4291 pollit',
1021 4209 1113 4293 quod
1133 4225 1174 4271 est
1191 4207 1423 4284 mensas-aa,

764 4346 769 4362 Ο
