<?xml version="1.0" encoding="UTF-8"?>
<!DOCTYPE html PUBLIC "-//W3C//DTD XHTML 1.0 Transitional//EN"
    "http://www.w3.org/TR/xhtml1/DTD/xhtml1-transitional.dtd">
<html xmlns="http://www.w3.org/1999/xhtml" xml:lang="en" lang="en">
 <head>
  <title>
</title>
<meta http-equiv="Content-Type" content="text/html;charset=utf-8" />
  <meta name='ocr-system' content='tesseract 3.04.00' />
  <meta name='ocr-capabilities' content='ocr_page ocr_carea ocr_par ocr_line ocrx_word'/>
</head>
<body>
  <div class='ocr_page' id='page_1' title='image "./dedivisionenatu00eriggoog_0611.png"; bbox 0 0 2884 4820; ppageno 0'>
   <div class='ocr_carea' id='block_1_1' title="bbox 304 261 1085 364">
    <p class='ocr_par' dir='ltr' id='par_1_1' title="bbox 304 261 1085 364">
     <span class='ocr_line' id='line_1_1' title="bbox 304 261 1085 364; baseline -0.005 -30"><span class='ocrx_word' id='word_1_1' title='bbox 304 261 387 364; x_wconf 73' lang='lat' dir='ltr'><strong>ort</strong></span> <span class='ocrx_word' id='word_1_2' title='bbox 635 261 891 336; x_wconf 69' lang='lat' dir='ltr'><strong>neaeman</strong></span> <span class='ocrx_word' id='word_1_3' title='bbox 911 263 1085 334; x_wconf 64' lang='lat' dir='ltr'><strong>numae.</strong></span> 
     </span>
    </p>
   </div>
   <div class='ocr_carea' id='block_1_2' title="bbox 302 445 1390 2031">
    <p class='ocr_par' dir='ltr' id='par_1_2' title="bbox 302 445 1390 2031">
     <span class='ocr_line' id='line_1_2' title="bbox 304 445 1388 536; baseline -0.006 -20"><span class='ocrx_word' id='word_1_4' title='bbox 304 449 459 534; x_wconf 75' lang='lat' dir='ltr'><strong>libratque</strong></span> <span class='ocrx_word' id='word_1_5' title='bbox 479 446 648 534; x_wconf 72' lang='lat' dir='ltr'><strong>corporeis</strong></span> <span class='ocrx_word' id='word_1_6' title='bbox 670 448 1001 536; x_wconf 75' lang='lat' dir='ltr'><strong>comprehenlihilem</strong></span> <span class='ocrx_word' id='word_1_7' title='bbox 1021 447 1055 513; x_wconf 86' lang='lat' dir='ltr'><strong>le</strong></span> <span class='ocrx_word' id='word_1_8' title='bbox 1068 445 1161 512; x_wconf 82' lang='lat' dir='ltr'><strong>fecit.</strong></span> <span class='ocrx_word' id='word_1_9' title='bbox 1194 445 1300 512; x_wconf 77' lang='lat' dir='ltr'><strong>Nemo</strong></span> <span class='ocrx_word' id='word_1_10' title='bbox 1315 447 1388 510; x_wconf 83' lang='lat' dir='ltr'><strong>enin</strong></span> 
     </span>
     <span class='ocr_line' id='line_1_3' title="bbox 303 529 1387 630; baseline -0.006 -32"><span class='ocrx_word' id='word_1_11' title='bbox 303 533 582 605; x_wconf 67' lang='lat' dir='ltr'><strong>Patrem-nemo</strong></span> <span class='ocrx_word' id='word_1_12' title='bbox 613 530 776 630; x_wconf 79' lang='lat' dir='ltr'><strong>Spiritum</strong></span> <span class='ocrx_word' id='word_1_13' title='bbox 807 533 958 598; x_wconf 79' lang='lat' dir='ltr'><strong>sanctum</strong></span> <span class='ocrx_word' id='word_1_14' title='bbox 987 531 1025 598; x_wconf 90' lang='lat' dir='ltr'><strong>in</strong></span> <span class='ocrx_word' id='word_1_15' title='bbox 1049 529 1182 596; x_wconf 84' lang='lat' dir='ltr'><strong>unitate</strong></span> <span class='ocrx_word' id='word_1_16' title='bbox 1202 529 1387 602; x_wconf 81' lang='lat' dir='ltr'><strong>iubilantiae.</strong></span> 
     </span>
     <span class='ocr_line' id='line_1_4' title="bbox 303 609 1388 702; baseline -0.004 -22"><span class='ocrx_word' id='word_1_17' title='bbox 303 635 382 680; x_wconf 86' lang='lat' dir='ltr'><strong>cnm</strong></span> <span class='ocrx_word' id='word_1_18' title='bbox 414 629 546 688; x_wconf 82' lang='lat' dir='ltr'><strong>ereata.</strong></span> <span class='ocrx_word' id='word_1_19' title='bbox 579 613 676 679; x_wconf 80' lang='lat' dir='ltr'><strong>vidit.</strong></span> <span class='ocrx_word' id='word_1_20' title='bbox 719 618 763 678; x_wconf 86' lang='lat' dir='ltr'><strong>Et</strong></span> <span class='ocrx_word' id='word_1_21' title='bbox 783 615 920 681; x_wconf 78' lang='lat' dir='ltr'><strong>Ezelriel</strong></span> <span class='ocrx_word' id='word_1_22' title='bbox 943 629 1078 702; x_wconf 78' lang='lat' dir='ltr'><strong>quoque</strong></span> <span class='ocrx_word' id='word_1_23' title='bbox 1098 614 1157 678; x_wconf 89' lang='lat' dir='ltr'><strong>lub</strong></span> <span class='ocrx_word' id='word_1_24' title='bbox 1182 609 1286 697; x_wconf 80' lang='lat' dir='ltr'><strong>figura</strong></span> <span class='ocrx_word' id='word_1_25' title='bbox 1305 613 1388 676; x_wconf 83' lang='lat' dir='ltr'><strong>trium</strong></span> 
     </span>
     <span class='ocr_line' id='line_1_5' title="bbox 306 695 1390 784; baseline -0.006 -20"><span class='ocrx_word' id='word_1_26' title='bbox 306 697 483 764; x_wconf 68' lang='lat' dir='ltr'><strong>civitatum</strong></span> <span class='ocrx_word' id='word_1_27' title='bbox 504 695 649 766; x_wconf 85' lang='lat' dir='ltr'><strong>reditum</strong></span> <span class='ocrx_word' id='word_1_28' title='bbox 671 697 775 764; x_wconf 87' lang='lat' dir='ltr'><strong>totiue</strong></span> <span class='ocrx_word' id='word_1_29' title='bbox 796 703 963 764; x_wconf 79' lang='lat' dir='ltr'><strong>humanae</strong></span> <span class='ocrx_word' id='word_1_30' title='bbox 983 715 1122 764; x_wconf 85' lang='lat' dir='ltr'><strong>naturee</strong></span> <span class='ocrx_word' id='word_1_31' title='bbox 1137 717 1201 784; x_wconf 83' lang='lat' dir='ltr'><strong>pro</strong></span> <span class='ocrx_word' id='word_1_32' title='bbox 1225 695 1332 762; x_wconf 88' lang='lat' dir='ltr'><strong>hetice</strong></span> <span class='ocrx_word' id='word_1_33' title='bbox 1348 699 1390 759; x_wconf 89' lang='lat' dir='ltr'><strong>de·</strong></span> 
     </span>
     <span class='ocr_line' id='line_1_6' title="bbox 305 719 1390 873; baseline -0.005 -27"><span class='ocrx_word' id='word_1_34' title='bbox 305 779 452 846; x_wconf 85' lang='lat' dir='ltr'><strong>nuntiat.</strong></span> <span class='ocrx_word' id='word_1_35' title='bbox 494 779 629 846; x_wconf 80' lang='lat' dir='ltr'><strong>Dicitur</strong></span> <span class='ocrx_word' id='word_1_36' title='bbox 657 781 747 846; x_wconf 88' lang='lat' dir='ltr'><strong>enim</strong></span> <span class='ocrx_word' id='word_1_37' title='bbox 775 783 970 854; x_wconf 80' lang='lat' dir='ltr'><strong>Jerusalem.</strong></span> <span class='ocrx_word' id='word_1_38' title='bbox 999 797 1034 848; x_wconf 85' lang='lat' dir='ltr'><strong>et</strong></span> <span class='ocrx_word' id='word_1_39' title='bbox 1061 795 1101 846; x_wconf 78' lang='lat' dir='ltr'><strong>tu</strong></span> <span class='ocrx_word' id='word_1_40' title='bbox 1132 719 1341 873; x_wconf 58' lang='lat' dir='ltr'><strong>confinem,</strong></span> <span class='ocrx_word' id='word_1_41' title='bbox 1364 791 1390 841; x_wconf 84' lang='lat' dir='ltr'><strong>et</strong></span> 
     </span>
     <span class='ocr_line' id='line_1_7' title="bbox 303 859 1389 960; baseline -0.006 -30"><span class='ocrx_word' id='word_1_42' title='bbox 303 878 403 946; x_wconf 80' lang='lat' dir='ltr'><strong>porte</strong></span> <span class='ocrx_word' id='word_1_43' title='bbox 425 867 633 948; x_wconf 78' lang='lat' dir='ltr'><strong><em>ignominiam</em></strong></span> <span class='ocrx_word' id='word_1_44' title='bbox 654 878 768 938; x_wconf 82' lang='lat' dir='ltr'><strong>tuom.</strong></span> <span class='ocrx_word' id='word_1_45' title='bbox 789 890 873 952; x_wconf 82' lang='lat' dir='ltr'><strong>quae</strong></span> <span class='ocrx_word' id='word_1_46' title='bbox 883 865 1081 960; x_wconf 60' lang='lat' dir='ltr'><strong>qustifieasli</strong></span> <span class='ocrx_word' id='word_1_47' title='bbox 1090 859 1226 957; x_wconf 76' lang='lat' dir='ltr'><strong>sorores</strong></span> <span class='ocrx_word' id='word_1_48' title='bbox 1244 878 1337 937; x_wconf 74' lang='lat' dir='ltr'><strong>nter,-</strong></span> <span class='ocrx_word' id='word_1_49' title='bbox 1360 882 1389 924; x_wconf 89' lang='lat' dir='ltr'><strong>ac</strong></span> 
     </span>
     <span class='ocr_line' id='line_1_8' title="bbox 305 943 1389 1046; baseline -0.006 -34"><span class='ocrx_word' id='word_1_50' title='bbox 305 949 464 1046; x_wconf 78' lang='lat' dir='ltr'><strong>deincepe</strong></span> <span class='ocrx_word' id='word_1_51' title='bbox 496 947 725 1034; x_wconf 76' lang='lat' dir='ltr'><strong>subjungitur:</strong></span> <span class='ocrx_word' id='word_1_52' title='bbox 758 953 827 1026; x_wconf 79' lang='lat' dir='ltr'><strong>..Et</strong></span> <span class='ocrx_word' id='word_1_53' title='bbox 843 965 895 1014; x_wconf 83' lang='lat' dir='ltr'><strong>tu</strong></span> <span class='ocrx_word' id='word_1_54' title='bbox 920 967 955 1014; x_wconf 89' lang='lat' dir='ltr'><strong>et</strong></span> <span class='ocrx_word' id='word_1_55' title='bbox 985 950 1074 1016; x_wconf 83' lang='lat' dir='ltr'><strong>filiae</strong></span> <span class='ocrx_word' id='word_1_56' title='bbox 1095 965 1173 1014; x_wconf 89' lang='lat' dir='ltr'><strong>tuae</strong></span> <span class='ocrx_word' id='word_1_57' title='bbox 1195 943 1389 1013; x_wconf 86' lang='lat' dir='ltr'><strong>revertemini</strong></span> 
     </span>
     <span class='ocr_line' id='line_1_9' title="bbox 303 1029 1386 1182; baseline -0.003 -4"><span class='ocrx_word' id='word_1_58' title='bbox 303 1029 761 1182; x_wconf 58' lang='lat' dir='ltr'><strong>*attttttttlttmet</strong></span> <span class='ocrx_word' id='word_1_59' title='bbox 781 1032 1386 1182; x_wconf 62' lang='lat' dir='ltr'><strong>tltttttfffisstttsttttt&#39;t</strong></span> 
     </span>
     <span class='ocr_line' id='line_1_10' title="bbox 302 1197 1387 1282; baseline -0.005 -21"><span class='ocrx_word' id='word_1_60' title='bbox 302 1197 427 1261; x_wconf 84' lang='lat' dir='ltr'><strong>mariae</strong></span> <span class='ocrx_word' id='word_1_61' title='bbox 462 1213 497 1261; x_wconf 91' lang='lat' dir='ltr'><strong>et</strong></span> <span class='ocrx_word' id='word_1_62' title='bbox 526 1197 670 1264; x_wconf 84' lang='lat' dir='ltr'><strong>filiarum</strong></span> <span class='ocrx_word' id='word_1_63' title='bbox 699 1203 789 1282; x_wconf 69' lang='lat' dir='ltr'><strong>eiust</strong></span> <span class='ocrx_word' id='word_1_64' title='bbox 821 1215 856 1265; x_wconf 88' lang='lat' dir='ltr'><strong>et</strong></span> <span class='ocrx_word' id='word_1_65' title='bbox 882 1215 1077 1265; x_wconf 82' lang='lat' dir='ltr'><strong>convertam</strong></span> <span class='ocrx_word' id='word_1_66' title='bbox 1098 1199 1316 1263; x_wconf 81' lang='lat' dir='ltr'><strong>reverlionem</strong></span> <span class='ocrx_word' id='word_1_67' title='bbox 1334 1209 1387 1258; x_wconf 87' lang='lat' dir='ltr'><strong>tna·</strong></span> 
     </span>
     <span class='ocr_line' id='line_1_11' title="bbox 303 1279 1387 1359; baseline -0.005 -13"><span class='ocrx_word' id='word_1_68' title='bbox 303 1301 379 1346; x_wconf 88' lang='lat' dir='ltr'><strong>rum</strong></span> <span class='ocrx_word' id='word_1_69' title='bbox 402 1280 438 1344; x_wconf 90' lang='lat' dir='ltr'><strong>in</strong></span> <span class='ocrx_word' id='word_1_70' title='bbox 461 1279 573 1345; x_wconf 87' lang='lat' dir='ltr'><strong>medio</strong></span> <span class='ocrx_word' id='word_1_71' title='bbox 596 1289 742 1346; x_wconf 87' lang='lat' dir='ltr'><strong>earum.”</strong></span> <span class='ocrx_word' id='word_1_72' title='bbox 781 1285 831 1348; x_wconf 87' lang='lat' dir='ltr'><strong>Ex</strong></span> <span class='ocrx_word' id='word_1_73' title='bbox 875 1305 920 1348; x_wconf 88' lang='lat' dir='ltr'><strong>uo</strong></span> <span class='ocrx_word' id='word_1_74' title='bbox 944 1287 995 1359; x_wconf 74' lang='lat' dir='ltr'><strong>(tat</strong></span> <span class='ocrx_word' id='word_1_75' title='bbox 1016 1282 1063 1346; x_wconf 87' lang='lat' dir='ltr'><strong>ait</strong></span> <span class='ocrx_word' id='word_1_76' title='bbox 1083 1284 1226 1347; x_wconf 84' lang='lat' dir='ltr'><strong>Sanctua</strong></span> <span class='ocrx_word' id='word_1_77' title='bbox 1247 1280 1387 1358; x_wconf 79' lang='lat' dir='ltr'><strong>Hierony·</strong></span> 
     </span>
     <span class='ocr_line' id='line_1_12' title="bbox 304 1303 1387 1462; baseline -0.004 -35"><span class='ocrx_word' id='word_1_78' title='bbox 304 1365 405 1460; x_wconf 42' lang='lat' dir='ltr'><strong>mue).</strong></span> <span class='ocrx_word' id='word_1_79' title='bbox 415 1363 628 1462; x_wconf 63' lang='lat' dir='ltr'><strong>perspicuum</strong></span> <span class='ocrx_word' id='word_1_80' title='bbox 651 1365 712 1440; x_wconf 85' lang='lat' dir='ltr'><strong>eil,</strong></span> <span class='ocrx_word' id='word_1_81' title='bbox 747 1389 818 1432; x_wconf 89' lang='lat' dir='ltr'><strong>non</strong></span> <span class='ocrx_word' id='word_1_82' title='bbox 843 1303 905 1432; x_wconf 73' lang='lat' dir='ltr'><strong>elie</strong></span> <span class='ocrx_word' id='word_1_83' title='bbox 926 1367 1111 1432; x_wconf 73' lang='lat' dir='ltr'><strong>naturalem</strong></span> <span class='ocrx_word' id='word_1_84' title='bbox 1133 1364 1218 1430; x_wconf 87' lang='lat' dir='ltr'><strong>iram</strong></span> <span class='ocrx_word' id='word_1_85' title='bbox 1238 1362 1321 1436; x_wconf 78' lang='lat' dir='ltr'><strong>Dei.</strong></span> <span class='ocrx_word' id='word_1_86' title='bbox 1346 1361 1387 1424; x_wconf 87' lang='lat' dir='ltr'><strong>led</strong></span> 
     </span>
     <span class='ocr_line' id='line_1_13' title="bbox 304 1445 1386 1517; baseline -0.004 -7"><span class='ocrx_word' id='word_1_87' title='bbox 304 1445 423 1510; x_wconf 73' lang='lat' dir='ltr'><strong>nelina</strong></span> <span class='ocrx_word' id='word_1_88' title='bbox 444 1463 537 1511; x_wconf 82' lang='lat' dir='ltr'><strong>vante</strong></span> <span class='ocrx_word' id='word_1_89' title='bbox 560 1447 849 1516; x_wconf 86' lang='lat' dir='ltr'><strong>clementiffimum</strong></span> <span class='ocrx_word' id='word_1_90' title='bbox 872 1465 907 1514; x_wconf 92' lang='lat' dir='ltr'><strong>et</strong></span> <span class='ocrx_word' id='word_1_91' title='bbox 927 1447 1224 1517; x_wconf 80' lang='lat' dir='ltr'><strong>mansuetiffimum</strong></span> <span class='ocrx_word' id='word_1_92' title='bbox 1246 1445 1386 1510; x_wconf 86' lang='lat' dir='ltr'><strong>Deumad</strong></span> 
     </span>
     <span class='ocr_line' id='line_1_14' title="bbox 303 1528 1388 1620; baseline -0.002 -28"><span class='ocrx_word' id='word_1_93' title='bbox 303 1528 513 1594; x_wconf 78' lang='lat' dir='ltr'><strong>iracundiam</strong></span> <span class='ocrx_word' id='word_1_94' title='bbox 541 1531 728 1616; x_wconf 82' lang='lat' dir='ltr'><strong>provocari.</strong></span> <span class='ocrx_word' id='word_1_95' title='bbox 774 1532 951 1620; x_wconf 84' lang='lat' dir='ltr'><strong>Sequitur,</strong></span> <span class='ocrx_word' id='word_1_96' title='bbox 986 1548 1045 1608; x_wconf 87' lang='lat' dir='ltr'><strong>„et</strong></span> <span class='ocrx_word' id='word_1_97' title='bbox 1066 1533 1167 1596; x_wconf 87' lang='lat' dir='ltr'><strong>Soror</strong></span> <span class='ocrx_word' id='word_1_98' title='bbox 1187 1545 1248 1594; x_wconf 91' lang='lat' dir='ltr'><strong>tua</strong></span> <span class='ocrx_word' id='word_1_99' title='bbox 1268 1532 1388 1594; x_wconf 77' lang='lat' dir='ltr'><strong>Sodoma</strong></span> 
     </span>
     <span class='ocr_line' id='line_1_15' title="bbox 305 1611 1387 1702; baseline -0.004 -26"><span class='ocrx_word' id='word_1_100' title='bbox 305 1625 339 1676; x_wconf 90' lang='lat' dir='ltr'><strong>et</strong></span> <span class='ocrx_word' id='word_1_101' title='bbox 370 1611 475 1678; x_wconf 85' lang='lat' dir='ltr'><strong>Filiae</strong></span> <span class='ocrx_word' id='word_1_102' title='bbox 508 1617 579 1690; x_wconf 87' lang='lat' dir='ltr'><strong>ejue</strong></span> <span class='ocrx_word' id='word_1_103' title='bbox 601 1630 810 1680; x_wconf 83' lang='lat' dir='ltr'><strong>revertentur</strong></span> <span class='ocrx_word' id='word_1_104' title='bbox 831 1619 873 1680; x_wconf 88' lang='lat' dir='ltr'><strong>ad</strong></span> <span class='ocrx_word' id='word_1_105' title='bbox 895 1615 1130 1702; x_wconf 81' lang='lat' dir='ltr'><strong>antiquitatem</strong></span> <span class='ocrx_word' id='word_1_106' title='bbox 1152 1615 1263 1688; x_wconf 82' lang='lat' dir='ltr'><strong>suam.</strong></span> <span class='ocrx_word' id='word_1_107' title='bbox 1299 1626 1329 1676; x_wconf 90' lang='lat' dir='ltr'><strong>et</strong></span> <span class='ocrx_word' id='word_1_108' title='bbox 1346 1613 1387 1674; x_wconf 86' lang='lat' dir='ltr'><strong>Sa·</strong></span> 
     </span>
     <span class='ocr_line' id='line_1_16' title="bbox 303 1693 1385 1794; baseline -0.006 -32"><span class='ocrx_word' id='word_1_109' title='bbox 303 1693 408 1762; x_wconf 83' lang='lat' dir='ltr'><strong>maria</strong></span> <span class='ocrx_word' id='word_1_110' title='bbox 438 1710 476 1760; x_wconf 89' lang='lat' dir='ltr'><strong>et</strong></span> <span class='ocrx_word' id='word_1_111' title='bbox 502 1695 607 1760; x_wconf 83' lang='lat' dir='ltr'><strong>Filiae</strong></span> <span class='ocrx_word' id='word_1_112' title='bbox 637 1702 707 1776; x_wconf 84' lang='lat' dir='ltr'><strong>ejue</strong></span> <span class='ocrx_word' id='word_1_113' title='bbox 734 1713 945 1762; x_wconf 83' lang='lat' dir='ltr'><strong>revertentur</strong></span> <span class='ocrx_word' id='word_1_114' title='bbox 978 1701 1020 1763; x_wconf 88' lang='lat' dir='ltr'><strong>ad</strong></span> <span class='ocrx_word' id='word_1_115' title='bbox 1041 1695 1277 1794; x_wconf 81' lang='lat' dir='ltr'><strong>antiquitatem</strong></span> <span class='ocrx_word' id='word_1_116' title='bbox 1299 1695 1385 1764; x_wconf 73' lang='lat' dir='ltr'><strong>luant</strong></span> 
     </span>
     <span class='ocr_line' id='line_1_17' title="bbox 306 1777 1384 1870; baseline 0.001 -29"><span class='ocrx_word' id='word_1_117' title='bbox 306 1791 341 1841; x_wconf 91' lang='lat' dir='ltr'><strong>et</strong></span> <span class='ocrx_word' id='word_1_118' title='bbox 361 1791 399 1840; x_wconf 88' lang='lat' dir='ltr'><strong>tu</strong></span> <span class='ocrx_word' id='word_1_119' title='bbox 421 1793 456 1840; x_wconf 90' lang='lat' dir='ltr'><strong>et</strong></span> <span class='ocrx_word' id='word_1_120' title='bbox 476 1777 581 1841; x_wconf 83' lang='lat' dir='ltr'><strong>Filiae</strong></span> <span class='ocrx_word' id='word_1_121' title='bbox 603 1793 680 1842; x_wconf 90' lang='lat' dir='ltr'><strong>tuae</strong></span> <span class='ocrx_word' id='word_1_122' title='bbox 701 1780 918 1846; x_wconf 82' lang='lat' dir='ltr'><strong>revertemini</strong></span> <span class='ocrx_word' id='word_1_123' title='bbox 939 1784 988 1845; x_wconf 89' lang='lat' dir='ltr'><strong>ad.</strong></span> <span class='ocrx_word' id='word_1_124' title='bbox 1002 1781 1241 1867; x_wconf 81' lang='lat' dir='ltr'><strong>antiquitatem</strong></span> <span class='ocrx_word' id='word_1_125' title='bbox 1261 1777 1384 1870; x_wconf 76' lang='lat' dir='ltr'><strong>veiham·</strong></span> 
     </span>
     <span class='ocr_line' id='line_1_18' title="bbox 305 1859 1387 1942; baseline -0.004 -16"><span class='ocrx_word' id='word_1_126' title='bbox 305 1862 550 1942; x_wconf 79' lang='lat' dir='ltr'><strong>Septuaginta.-</strong></span> <span class='ocrx_word' id='word_1_127' title='bbox 583 1863 628 1924; x_wconf 89' lang='lat' dir='ltr'><strong>Et</strong></span> <span class='ocrx_word' id='word_1_128' title='bbox 658 1861 759 1926; x_wconf 86' lang='lat' dir='ltr'><strong>Soror</strong></span> <span class='ocrx_word' id='word_1_129' title='bbox 786 1878 845 1928; x_wconf 89' lang='lat' dir='ltr'><strong>tua</strong></span> <span class='ocrx_word' id='word_1_130' title='bbox 883 1865 1030 1928; x_wconf 87' lang='lat' dir='ltr'><strong>Sodoma</strong></span> <span class='ocrx_word' id='word_1_131' title='bbox 1052 1879 1086 1928; x_wconf 89' lang='lat' dir='ltr'><strong>et</strong></span> <span class='ocrx_word' id='word_1_132' title='bbox 1106 1862 1214 1934; x_wconf 82' lang='lat' dir='ltr'><strong>Filiae</strong></span> <span class='ocrx_word' id='word_1_133' title='bbox 1234 1866 1302 1942; x_wconf 84' lang='lat' dir='ltr'><strong>ejue</strong></span> <span class='ocrx_word' id='word_1_134' title='bbox 1321 1859 1387 1922; x_wconf 77' lang='lat' dir='ltr'><strong>relit-</strong></span> 
     </span>
     <span class='ocr_line' id='line_1_19' title="bbox 305 1941 1387 2031; baseline -0.006 -23"><span class='ocrx_word' id='word_1_135' title='bbox 305 1957 462 2017; x_wconf 80' lang='lat' dir='ltr'><strong>tuentur,</strong></span> <span class='ocrx_word' id='word_1_136' title='bbox 498 1943 581 2008; x_wconf 87' lang='lat' dir='ltr'><strong>ficut</strong></span> <span class='ocrx_word' id='word_1_137' title='bbox 607 1944 747 2008; x_wconf 83' lang='lat' dir='ltr'><strong>fuerunt</strong></span> <span class='ocrx_word' id='word_1_138' title='bbox 769 1967 786 2008; x_wconf 91' lang='lat' dir='ltr'><strong>a</strong></span> <span class='ocrx_word' id='word_1_139' title='bbox 807 1945 996 2031; x_wconf 73' lang='lat' dir='ltr'><strong>principioa</strong></span> <span class='ocrx_word' id='word_1_140' title='bbox 1030 1961 1063 2008; x_wconf 90' lang='lat' dir='ltr'><strong>et</strong></span> <span class='ocrx_word' id='word_1_141' title='bbox 1080 1945 1235 2010; x_wconf 81' lang='lat' dir='ltr'><strong>-Sa&#39;maria</strong></span> <span class='ocrx_word' id='word_1_142' title='bbox 1256 1959 1288 2008; x_wconf 92' lang='lat' dir='ltr'><strong>et</strong></span> <span class='ocrx_word' id='word_1_143' title='bbox 1305 1941 1387 2008; x_wconf 86' lang='lat' dir='ltr'><strong>Filite</strong></span> 
     </span>
    </p>
   </div>
   <div class='ocr_carea' id='block_1_3' title="bbox 172 2021 1385 2126">
    <p class='ocr_par' dir='ltr' id='par_1_3' title="bbox 172 2021 1385 2126">
     <span class='ocr_line' id='line_1_20' title="bbox 172 2021 1385 2126; baseline -0.005 -36"><span class='ocrx_word' id='word_1_144' title='bbox 172 2035 175 2042; x_wconf 91' lang='lat'>&#39;</span> <span class='ocrx_word' id='word_1_145' title='bbox 254 2021 257 2030; x_wconf 75' lang='grc'>’</span> <span class='ocrx_word' id='word_1_146' title='bbox 306 2030 377 2106; x_wconf 79' lang='lat' dir='ltr'><strong>ciue</strong></span> <span class='ocrx_word' id='word_1_147' title='bbox 398 2025 635 2102; x_wconf 78' lang='lat' dir='ltr'><strong>restituentur,</strong></span> <span class='ocrx_word' id='word_1_148' title='bbox 658 2027 741 2091; x_wconf 85' lang='lat' dir='ltr'><strong>licut</strong></span> <span class='ocrx_word' id='word_1_149' title='bbox 765 2045 858 2092; x_wconf 89' lang='lat' dir='ltr'><strong>erant</strong></span> <span class='ocrx_word' id='word_1_150' title='bbox 873 2051 897 2126; x_wconf 42' lang='lat' dir='ltr'><strong>&#39;a</strong></span> <span class='ocrx_word' id='word_1_151' title='bbox 918 2027 1113 2126; x_wconf 73' lang='lat' dir='ltr'><strong>principiq3</strong></span> <span class='ocrx_word' id='word_1_152' title='bbox 1137 2044 1171 2091; x_wconf 92' lang='lat' dir='ltr'><strong>et</strong></span> <span class='ocrx_word' id='word_1_153' title='bbox 1193 2043 1233 2092; x_wconf 89' lang='lat' dir='ltr'><strong>tu</strong></span> <span class='ocrx_word' id='word_1_154' title='bbox 1254 2041 1286 2091; x_wconf 89' lang='lat' dir='ltr'><strong>et</strong></span> <span class='ocrx_word' id='word_1_155' title='bbox 1303 2023 1385 2090; x_wconf 85' lang='lat' dir='ltr'><strong>Filiae</strong></span> 
     </span>
    </p>
   </div>
   <div class='ocr_carea' id='block_1_4' title="bbox 300 2109 1386 2693">
    <p class='ocr_par' dir='ltr' id='par_1_4' title="bbox 300 2109 1386 2693">
     <span class='ocr_line' id='line_1_21' title="bbox 304 2109 1385 2196; baseline -0.006 -22"><span class='ocrx_word' id='word_1_156' title='bbox 304 2117 383 2174; x_wconf 85' lang='lat' dir='ltr'><strong>tuae</strong></span> <span class='ocrx_word' id='word_1_157' title='bbox 403 2109 641 2185; x_wconf 80' lang='lat' dir='ltr'><strong>restituemini,</strong></span> <span class='ocrx_word' id='word_1_158' title='bbox 663 2111 746 2175; x_wconf 87' lang='lat' dir='ltr'><strong>licut</strong></span> <span class='ocrx_word' id='word_1_159' title='bbox 767 2110 898 2176; x_wconf 79' lang='lat' dir='ltr'><strong>fuerint</strong></span> <span class='ocrx_word' id='word_1_160' title='bbox 919 2129 956 2174; x_wconf 82' lang='lat' dir='ltr'><strong>tn</strong></span> <span class='ocrx_word' id='word_1_161' title='bbox 980 2109 1186 2196; x_wconf 80' lang='lat' dir='ltr'><strong>principio.&#39;’</strong></span> <span class='ocrx_word' id='word_1_162' title='bbox 1230 2113 1317 2174; x_wconf 88' lang='lat' dir='ltr'><strong>Haec</strong></span> <span class='ocrx_word' id='word_1_163' title='bbox 1332 2127 1385 2168; x_wconf 85' lang='lat' dir='ltr'><strong>ret·</strong></span> 
     </span>
     <span class='ocr_line' id='line_1_22' title="bbox 302 2187 1386 2280; baseline -0.007 -22"><span class='ocrx_word' id='word_1_164' title='bbox 302 2195 346 2258; x_wconf 81' lang='lat' dir='ltr'><strong>bt</strong></span> <span class='ocrx_word' id='word_1_165' title='bbox 365 2193 573 2278; x_wconf 83' lang='lat' dir='ltr'><strong>Prophetae,</strong></span> <span class='ocrx_word' id='word_1_166' title='bbox 607 2192 677 2258; x_wconf 91' lang='lat' dir='ltr'><strong>imo</strong></span> <span class='ocrx_word' id='word_1_167' title='bbox 699 2192 840 2258; x_wconf 88' lang='lat' dir='ltr'><strong>Domini</strong></span> <span class='ocrx_word' id='word_1_168' title='bbox 861 2215 921 2280; x_wconf 86' lang='lat' dir='ltr'><strong>per</strong></span> <span class='ocrx_word' id='word_1_169' title='bbox 941 2195 1166 2280; x_wconf 84' lang='lat' dir='ltr'><strong>Prophetam‚</strong></span> <span class='ocrx_word' id='word_1_170' title='bbox 1189 2195 1310 2258; x_wconf 73' lang='lat' dir='ltr'><strong>Beatus</strong></span> <span class='ocrx_word' id='word_1_171' title='bbox 1328 2187 1386 2256; x_wconf 79' lang='lat' dir='ltr'><strong>llio</strong></span> 
     </span>
     <span class='ocr_line' id='line_1_23' title="bbox 486 2273 1384 2424; baseline -0.004 -2.683"><span class='ocrx_word' id='word_1_172' title='bbox 486 2273 1384 2424; x_wconf 55' lang='lat' dir='ltr'><strong>tiaza²ittet.‘&#39;¹ttrtntt‘0‘ttt:</strong></span> 
     </span>
     <span class='ocr_line' id='line_1_24' title="bbox 303 2361 1384 2540; baseline -0.003 -36"><span class='ocrx_word' id='word_1_173' title='bbox 303 2361 619 2538; x_wconf 43' lang='lat' dir='ltr'><strong>{turiatssiiiiiiaiioc</strong></span> <span class='ocrx_word' id='word_1_174' title='bbox 640 2381 880 2540; x_wconf 38' lang='lat' dir='ltr'><strong>[tinniantgde.</strong></span> <span class='ocrx_word' id='word_1_175' title='bbox 893 2445 1041 2540; x_wconf 74' lang='lat' dir='ltr'><strong>adventu</strong></span> <span class='ocrx_word' id='word_1_176' title='bbox 1063 2441 1184 2508; x_wconf 79' lang='lat' dir='ltr'><strong>christi</strong></span> <span class='ocrx_word' id='word_1_177' title='bbox 1197 2381 1277 2518; x_wconf 64' lang='lat' dir='ltr'><strong>lui,</strong></span> <span class='ocrx_word' id='word_1_178' title='bbox 1304 2457 1384 2527; x_wconf 85' lang='lat' dir='ltr'><strong>quem</strong></span> 
     </span>
     <span class='ocr_line' id='line_1_25' title="bbox 300 2523 1384 2693; baseline -0.008 -18"><span class='ocrx_word' id='word_1_179' title='bbox 300 2523 766 2676; x_wconf 58' lang='lat' dir='ltr'><strong>iiiiimiiiiiiiffii</strong></span> <span class='ocrx_word' id='word_1_180' title='bbox 776 2525 1265 2693; x_wconf 58' lang='lat' dir='ltr'><strong>zn‘tqttffltttttttt‘</strong></span> <span class='ocrx_word' id='word_1_181' title='bbox 1283 2523 1384 2692; x_wconf 47' lang='lat' dir='ltr'><strong>iiii</strong></span> 
     </span>
    </p>
   </div>
   <div class='ocr_carea' id='block_1_5' title="bbox 299 2687 1420 2779">
    <p class='ocr_par' dir='ltr' id='par_1_5' title="bbox 299 2687 1420 2779">
     <span class='ocr_line' id='line_1_26' title="bbox 299 2687 1420 2779; baseline -0.005 -23"><span class='ocrx_word' id='word_1_182' title='bbox 299 2688 472 2779; x_wconf 81' lang='lat' dir='ltr'><strong>peradisue</strong></span> <span class='ocrx_word' id='word_1_183' title='bbox 492 2687 576 2762; x_wconf 84' lang='lat' dir='ltr'><strong>Dei,</strong></span> <span class='ocrx_word' id='word_1_184' title='bbox 603 2704 637 2752; x_wconf 89' lang='lat' dir='ltr'><strong>et</strong></span> <span class='ocrx_word' id='word_1_185' title='bbox 653 2687 832 2752; x_wconf 87' lang='lat' dir='ltr'><strong>Samariam</strong></span> <span class='ocrx_word' id='word_1_186' title='bbox 851 2689 1020 2775; x_wconf 86' lang='lat' dir='ltr'><strong>prillinam</strong></span> <span class='ocrx_word' id='word_1_187' title='bbox 1033 2689 1185 2776; x_wconf 85' lang='lat' dir='ltr'><strong>recipere</strong></span> <span class='ocrx_word' id='word_1_188' title='bbox 1202 2689 1383 2758; x_wconf 83' lang='lat' dir='ltr'><strong>felicitatem,</strong></span> <span class='ocrx_word' id='word_1_189' title='bbox 1419 2711 1420 2737; x_wconf 57' lang='lat' dir='ltr'><strong>i</strong></span> 
     </span>
    </p>
   </div>
   <div class='ocr_carea' id='block_1_6' title="bbox 299 2771 1384 2947">
    <p class='ocr_par' dir='ltr' id='par_1_6' title="bbox 299 2771 1384 2947">
     <span class='ocr_line' id='line_1_27' title="bbox 299 2771 1384 2856; baseline -0.006 -16"><span class='ocrx_word' id='word_1_190' title='bbox 299 2789 341 2840; x_wconf 87' lang='lat' dir='ltr'><strong>att</strong></span> <span class='ocrx_word' id='word_1_191' title='bbox 373 2778 415 2839; x_wconf 92' lang='lat' dir='ltr'><strong>de</strong></span> <span class='ocrx_word' id='word_1_192' title='bbox 436 2771 568 2856; x_wconf 79' lang='lat' dir='ltr'><strong>Allyriie</strong></span> <span class='ocrx_word' id='word_1_193' title='bbox 589 2786 799 2836; x_wconf 83' lang='lat' dir='ltr'><strong>revertantur</strong></span> <span class='ocrx_word' id='word_1_194' title='bbox 822 2771 858 2835; x_wconf 91' lang='lat' dir='ltr'><strong>in</strong></span> <span class='ocrx_word' id='word_1_195' title='bbox 881 2777 1001 2837; x_wconf 79' lang='lat' dir='ltr'><strong>terrim</strong></span> <span class='ocrx_word' id='word_1_196' title='bbox 1023 2775 1202 2848; x_wconf 74' lang='lat' dir='ltr'><strong>ludaeamt</strong></span> <span class='ocrx_word' id='word_1_197' title='bbox 1233 2771 1384 2838; x_wconf 83' lang='lat' dir='ltr'><strong>Jerusalem</strong></span> 
     </span>
     <span class='ocr_line' id='line_1_28' title="bbox 299 2854 1383 2947; baseline -0.01 -24"><span class='ocrx_word' id='word_1_198' title='bbox 299 2879 445 2947; x_wconf 83' lang='lat' dir='ltr'><strong>qnoque·</strong></span> <span class='ocrx_word' id='word_1_199' title='bbox 462 2871 545 2920; x_wconf 91' lang='lat' dir='ltr'><strong>tunc</strong></span> <span class='ocrx_word' id='word_1_200' title='bbox 575 2855 637 2920; x_wconf 83' lang='lat' dir='ltr'><strong>elle</strong></span> <span class='ocrx_word' id='word_1_201' title='bbox 668 2854 906 2919; x_wconf 84' lang='lat' dir='ltr'><strong>fabricandam.</strong></span> <span class='ocrx_word' id='word_1_202' title='bbox 955 2857 1123 2936; x_wconf 73' lang='lat' dir='ltr'><strong>Eepaalo</strong></span> <span class='ocrx_word' id='word_1_203' title='bbox 1143 2856 1239 2944; x_wconf 75' lang='lat' dir='ltr'><strong>poli,</strong></span> <span class='ocrx_word' id='word_1_204' title='bbox 1268 2873 1324 2919; x_wconf 88' lang='lat' dir='ltr'><strong>not</strong></span> <span class='ocrx_word' id='word_1_205' title='bbox 1340 2871 1383 2914; x_wconf 86' lang='lat' dir='ltr'><strong>an·</strong></span> 
     </span>
    </p>
   </div>
   <div class='ocr_carea' id='block_1_7' title="bbox 300 2935 1419 3024">
    <p class='ocr_par' dir='ltr' id='par_1_7' title="bbox 300 2935 1419 3024">
     <span class='ocr_line' id='line_1_29' title="bbox 300 2935 1419 3024; baseline -0.013 -17"><span class='ocrx_word' id='word_1_206' title='bbox 300 2958 388 3016; x_wconf 84' lang='lat' dir='ltr'><strong>tem,</strong></span> <span class='ocrx_word' id='word_1_207' title='bbox 422 2943 547 3024; x_wconf 82' lang='lat' dir='ltr'><strong>inquit,</strong></span> <span class='ocrx_word' id='word_1_208' title='bbox 579 2941 700 3018; x_wconf 80' lang='lat' dir='ltr'><strong>horum</strong></span> <span class='ocrx_word' id='word_1_209' title='bbox 720 2937 902 3024; x_wconf 83' lang='lat' dir='ltr'><strong>perfectam</strong></span> <span class='ocrx_word' id='word_1_210' title='bbox 925 2935 1099 3004; x_wconf 83' lang='lat' dir='ltr'><strong>scientiam</strong></span> <span class='ocrx_word' id='word_1_211' title='bbox 1122 2939 1189 3004; x_wconf 90' lang='lat' dir='ltr'><strong>Dei</strong></span> <span class='ocrx_word' id='word_1_212' title='bbox 1210 2937 1383 3020; x_wconf 80' lang='lat' dir='ltr'><strong>jndiciore</strong></span> <span class='ocrx_word' id='word_1_213' title='bbox 1418 2963 1419 2992; x_wconf 50' lang='lat' dir='ltr'><strong>r</strong></span> 
     </span>
    </p>
   </div>
   <div class='ocr_carea' id='block_1_8' title="bbox 298 3021 1381 3276">
    <p class='ocr_par' dir='ltr' id='par_1_8' title="bbox 298 3021 1381 3276">
     <span class='ocr_line' id='line_1_30' title="bbox 298 3021 1381 3111; baseline -0.009 -21"><span class='ocrx_word' id='word_1_214' title='bbox 298 3023 510 3111; x_wconf 75' lang='lat' dir='ltr'><strong>linquemus,</strong></span> <span class='ocrx_word' id='word_1_215' title='bbox 532 3022 601 3086; x_wconf 90' lang='lat' dir='ltr'><strong>imo</strong></span> <span class='ocrx_word' id='word_1_216' title='bbox 616 3021 747 3107; x_wconf 90' lang='lat' dir='ltr'><strong>liquido</strong></span> <span class='ocrx_word' id='word_1_217' title='bbox 762 3021 962 3086; x_wconf 83' lang='lat' dir='ltr'><strong>confitenter</strong></span> <span class='ocrx_word' id='word_1_218' title='bbox 979 3021 1121 3088; x_wconf 82' lang='lat' dir='ltr'><strong>dicimur</strong></span> <span class='ocrx_word' id='word_1_219' title='bbox 1134 3023 1207 3108; x_wconf 83' lang='lat' dir='ltr'><strong>poll</strong></span> <span class='ocrx_word' id='word_1_220' title='bbox 1221 3021 1381 3086; x_wconf 77' lang='lat' dir='ltr'><strong>secundum</strong></span> 
     </span>
     <span class='ocr_line' id='line_1_31' title="bbox 300 3101 1381 3178; baseline -0.01 -5"><span class='ocrx_word' id='word_1_221' title='bbox 300 3111 485 3174; x_wconf 85' lang='lat' dir='ltr'><strong>adrentum</strong></span> <span class='ocrx_word' id='word_1_222' title='bbox 507 3103 647 3170; x_wconf 87' lang='lat' dir='ltr'><strong>Domini</strong></span> <span class='ocrx_word' id='word_1_223' title='bbox 668 3101 847 3168; x_wconf 84' lang='lat' dir='ltr'><strong>Salvatorie</strong></span> <span class='ocrx_word' id='word_1_224' title='bbox 868 3103 955 3168; x_wconf 90' lang='lat' dir='ltr'><strong>nihil</strong></span> <span class='ocrx_word' id='word_1_225' title='bbox 976 3105 1120 3178; x_wconf 84' lang='lat' dir='ltr'><strong>humile.</strong></span> <span class='ocrx_word' id='word_1_226' title='bbox 1143 3105 1231 3170; x_wconf 89' lang='lat' dir='ltr'><strong>nihil</strong></span> <span class='ocrx_word' id='word_1_227' title='bbox 1252 3106 1381 3168; x_wconf 76' lang='lat' dir='ltr'><strong>futurum</strong></span> 
     </span>
     <span class='ocr_line' id='line_1_32' title="bbox 299 3173 1381 3276; baseline -0.009 -21"><span class='ocrx_word' id='word_1_228' title='bbox 299 3192 364 3256; x_wconf 80' lang='lat' dir='ltr'><strong>elle</strong></span> <span class='ocrx_word' id='word_1_229' title='bbox 386 3205 573 3264; x_wconf 66' lang='lat' dir='ltr'><strong>terrenum</strong></span> <span class='ocrx_word' id='word_1_230' title='bbox 597 3188 655 3252; x_wconf 84' lang='lat' dir='ltr'><strong>led</strong></span> <span class='ocrx_word' id='word_1_231' title='bbox 672 3207 775 3274; x_wconf 76' lang='lat' dir='ltr'><strong>regna</strong></span> <span class='ocrx_word' id='word_1_232' title='bbox 796 3173 962 3261; x_wconf 74' lang='lat' dir='ltr'><strong>coelestia,</strong></span> <span class='ocrx_word' id='word_1_233' title='bbox 985 3209 1070 3276; x_wconf 87' lang='lat' dir='ltr'><strong>quae</strong></span> <span class='ocrx_word' id='word_1_234' title='bbox 1083 3187 1231 3274; x_wconf 85' lang='lat' dir='ltr'><strong>primum</strong></span> <span class='ocrx_word' id='word_1_235' title='bbox 1245 3187 1281 3251; x_wconf 86' lang='lat' dir='ltr'><strong>in</strong></span> <span class='ocrx_word' id='word_1_236' title='bbox 1295 3188 1381 3248; x_wconf 86' lang='lat' dir='ltr'><strong>Eran-</strong></span> 
     </span>
    </p>
   </div>
   <div class='ocr_carea' id='block_1_9' title="bbox 299 3269 1418 3374">
    <p class='ocr_par' dir='ltr' id='par_1_9' title="bbox 299 3269 1418 3374">
     <span class='ocr_line' id='line_1_33' title="bbox 299 3269 1418 3374; baseline -0.01 -36"><span class='ocrx_word' id='word_1_237' title='bbox 299 3273 390 3374; x_wconf 66' lang='lat' dir='ltr'><strong>gelio</strong></span> <span class='ocrx_word' id='word_1_238' title='bbox 413 3269 691 3360; x_wconf 82' lang='lat' dir='ltr'><strong>promittuntur.”</strong></span> <span class='ocrx_word' id='word_1_239' title='bbox 721 3271 839 3334; x_wconf 80' lang='lat' dir='ltr'><strong>Cetera</strong></span> <span class='ocrx_word' id='word_1_240' title='bbox 861 3286 972 3336; x_wconf 90' lang='lat' dir='ltr'><strong>autem</strong></span> <span class='ocrx_word' id='word_1_241' title='bbox 994 3291 1080 3370; x_wconf 86' lang='lat' dir='ltr'><strong>quae</strong></span> <span class='ocrx_word' id='word_1_242' title='bbox 1102 3273 1144 3336; x_wconf 87' lang='lat' dir='ltr'><strong>de</strong></span> <span class='ocrx_word' id='word_1_243' title='bbox 1165 3271 1219 3336; x_wconf 83' lang='lat' dir='ltr'><strong>hie</strong></span> <span class='ocrx_word' id='word_1_244' title='bbox 1234 3269 1380 3357; x_wconf 76' lang='lat' dir='ltr'><strong>praelatui</strong></span> <span class='ocrx_word' id='word_1_245' title='bbox 1417 3319 1418 3346; x_wconf 27' lang='lat' dir='ltr'><strong>q</strong></span> 
     </span>
    </p>
   </div>
   <div class='ocr_carea' id='block_1_10' title="bbox 296 3350 1381 4274">
    <p class='ocr_par' dir='ltr' id='par_1_10' title="bbox 296 3350 1381 4274">
     <span class='ocr_line' id='line_1_34' title="bbox 299 3350 1381 3531; baseline -0.007 -27"><span class='ocrx_word' id='word_1_246' title='bbox 299 3372 466 3512; x_wconf 62' lang='lat' dir='ltr'><strong>iiiiii}</strong></span> <span class='ocrx_word' id='word_1_247' title='bbox 489 3369 664 3501; x_wconf 64' lang='lat' dir='ltr'><strong>iiiii&#39;it</strong></span> <span class='ocrx_word' id='word_1_248' title='bbox 684 3350 1381 3531; x_wconf 50' lang='lat' dir='ltr'><strong>iiiiii,&#39;ii‘iiiiiiitqlihsslii</strong></span> 
     </span>
     <span class='ocr_line' id='line_1_35' title="bbox 299 3517 1381 3602; baseline -0.005 -17"><span class='ocrx_word' id='word_1_249' title='bbox 299 3521 422 3586; x_wconf 84' lang='lat' dir='ltr'><strong>ericam</strong></span> <span class='ocrx_word' id='word_1_250' title='bbox 444 3521 654 3584; x_wconf 79' lang='lat' dir='ltr'><strong>solummodo</strong></span> <span class='ocrx_word' id='word_1_251' title='bbox 675 3517 861 3583; x_wconf 88' lang='lat' dir='ltr'><strong>animarum</strong></span> <span class='ocrx_word' id='word_1_252' title='bbox 883 3523 924 3584; x_wconf 90' lang='lat' dir='ltr'><strong>ad</strong></span> <span class='ocrx_word' id='word_1_253' title='bbox 947 3519 1145 3584; x_wconf 83' lang='lat' dir='ltr'><strong>catholicam</strong></span> <span class='ocrx_word' id='word_1_254' title='bbox 1166 3519 1269 3584; x_wconf 75' lang='lat' dir='ltr'><strong>fidem</strong></span> <span class='ocrx_word' id='word_1_255' title='bbox 1289 3521 1381 3602; x_wconf 81' lang='lat' dir='ltr'><strong>dupu-</strong></span> 
     </span>
     <span class='ocr_line' id='line_1_36' title="bbox 299 3602 1380 3700; baseline -0.007 -30"><span class='ocrx_word' id='word_1_256' title='bbox 299 3618 383 3670; x_wconf 90' lang='lat' dir='ltr'><strong>tant.</strong></span> <span class='ocrx_word' id='word_1_257' title='bbox 435 3602 607 3687; x_wconf 81' lang='lat' dir='ltr'><strong>Mysticem</strong></span> <span class='ocrx_word' id='word_1_258' title='bbox 658 3621 770 3688; x_wconf 86' lang='lat' dir='ltr'><strong>noque</strong></span> <span class='ocrx_word' id='word_1_259' title='bbox 792 3603 998 3690; x_wconf 81' lang='lat' dir='ltr'><strong>legalemque</strong></span> <span class='ocrx_word' id='word_1_260' title='bbox 1019 3603 1267 3690; x_wconf 79' lang='lat' dir='ltr'><strong>Septimanam.</strong></span> <span class='ocrx_word' id='word_1_261' title='bbox 1299 3615 1380 3700; x_wconf 84' lang='lat' dir='ltr'><strong>quara</strong></span> 
     </span>
     <span class='ocr_line' id='line_1_37' title="bbox 300 3623 1381 3784; baseline 0.006 -36"><span class='ocrx_word' id='word_1_262' title='bbox 300 3685 393 3772; x_wconf 85' lang='lat' dir='ltr'><strong>Quin</strong></span> <span class='ocrx_word' id='word_1_263' title='bbox 419 3687 601 3784; x_wconf 68' lang='lat' dir='ltr'><strong>uagefimue</strong></span> <span class='ocrx_word' id='word_1_264' title='bbox 635 3623 834 3772; x_wconf 78' lang='lat' dir='ltr'><strong>icquebatur</strong></span> <span class='ocrx_word' id='word_1_265' title='bbox 862 3707 988 3760; x_wconf 85' lang='lat' dir='ltr'><strong>annue.</strong></span> <span class='ocrx_word' id='word_1_266' title='bbox 1027 3685 1086 3774; x_wconf 89' lang='lat' dir='ltr'><strong>qui</strong></span> <span class='ocrx_word' id='word_1_267' title='bbox 1118 3685 1282 3752; x_wconf 79' lang='lat' dir='ltr'><strong>Hebraico</strong></span> <span class='ocrx_word' id='word_1_268' title='bbox 1305 3673 1381 3764; x_wconf 63' lang='lat' dir='ltr'><strong>toltit</strong></span> 
     </span>
     <span class='ocr_line' id='line_1_38' title="bbox 296 3761 1380 3868; baseline -0.005 -35"><span class='ocrx_word' id='word_1_269' title='bbox 296 3773 366 3845; x_wconf 72' lang='lat' dir='ltr'><strong>hoc</strong></span> <span class='ocrx_word' id='word_1_270' title='bbox 450 3771 586 3834; x_wconf 71' lang='lat' dir='ltr'><strong>liberter</strong></span> <span class='ocrx_word' id='word_1_271' title='bbox 605 3771 807 3845; x_wconf 82' lang='lat' dir='ltr'><strong>vocabatur,</strong></span> <span class='ocrx_word' id='word_1_272' title='bbox 833 3767 992 3856; x_wconf 86' lang='lat' dir='ltr'><strong>quoniam</strong></span> <span class='ocrx_word' id='word_1_273' title='bbox 1014 3761 1051 3834; x_wconf 89' lang='lat' dir='ltr'><strong>in</strong></span> <span class='ocrx_word' id='word_1_274' title='bbox 1072 3768 1146 3868; x_wconf 65' lang='lat' dir='ltr'><strong>ipio</strong></span> <span class='ocrx_word' id='word_1_275' title='bbox 1166 3767 1380 3834; x_wconf 80' lang='lat' dir='ltr'><strong>omneelibtr·</strong></span> 
     </span>
     <span class='ocr_line' id='line_1_39' title="bbox 297 3845 1379 3951; baseline -0.01 -34"><span class='ocrx_word' id='word_1_276' title='bbox 297 3867 402 3924; x_wconf 83' lang='lat' dir='ltr'><strong>tatem</strong></span> <span class='ocrx_word' id='word_1_277' title='bbox 424 3851 655 3931; x_wconf 82' lang='lat' dir='ltr'><strong>accipiebant,</strong></span> <span class='ocrx_word' id='word_1_278' title='bbox 675 3867 711 3916; x_wconf 90' lang='lat' dir='ltr'><strong>et</strong></span> <span class='ocrx_word' id='word_1_279' title='bbox 731 3852 961 3940; x_wconf 81' lang='lat' dir='ltr'><strong>unuaquiequc</strong></span> <span class='ocrx_word' id='word_1_280' title='bbox 977 3855 1021 3917; x_wconf 86' lang='lat' dir='ltr'><strong>ad</strong></span> <span class='ocrx_word' id='word_1_281' title='bbox 1037 3852 1206 3951; x_wconf 67' lang='lat' dir='ltr'><strong>pristinam</strong></span> <span class='ocrx_word' id='word_1_282' title='bbox 1224 3845 1379 3916; x_wconf 79' lang='lat' dir='ltr'><strong>hahitatio·</strong></span> 
     </span>
     <span class='ocr_line' id='line_1_40' title="bbox 298 3934 1378 4024; baseline -0.005 -23"><span class='ocrx_word' id='word_1_283' title='bbox 298 3957 379 4002; x_wconf 78' lang='lat' dir='ltr'><strong>nem</strong></span> <span class='ocrx_word' id='word_1_284' title='bbox 406 3937 657 4010; x_wconf 63' lang='lat' dir='ltr'><strong>montebarri,</strong></span> <span class='ocrx_word' id='word_1_285' title='bbox 688 3934 782 4000; x_wconf 88' lang='lat' dir='ltr'><strong>omni</strong></span> <span class='ocrx_word' id='word_1_286' title='bbox 802 3937 877 4024; x_wconf 80' lang='lat' dir='ltr'><strong>lege</strong></span> <span class='ocrx_word' id='word_1_287' title='bbox 898 3957 964 4022; x_wconf 89' lang='lat' dir='ltr'><strong>qua</strong></span> <span class='ocrx_word' id='word_1_288' title='bbox 986 3939 1198 4000; x_wconf 79' lang='lat' dir='ltr'><strong>detinebatur</strong></span> <span class='ocrx_word' id='word_1_289' title='bbox 1218 3935 1378 3998; x_wconf 73' lang='lat' dir='ltr'><strong>attatum.</strong></span> 
     </span>
     <span class='ocr_line' id='line_1_41' title="bbox 298 4009 1380 4168; baseline -0.006 -84"><span class='ocrx_word' id='word_1_290' title='bbox 298 4021 393 4084; x_wconf 81' lang='lat' dir='ltr'><strong>hene</strong></span> <span class='ocrx_word' id='word_1_291' title='bbox 418 4017 568 4116; x_wconf 60' lang='lat' dir='ltr'><strong>raditum</strong></span> <span class='ocrx_word' id='word_1_292' title='bbox 595 4021 637 4116; x_wconf 76' lang='lat' dir='ltr'><strong>de</strong></span> <span class='ocrx_word' id='word_1_293' title='bbox 664 4029 737 4118; x_wconf 79' lang='lat' dir='ltr'><strong>quo</strong></span> <span class='ocrx_word' id='word_1_294' title='bbox 752 4018 882 4168; x_wconf 62' lang='lat' dir='ltr'><strong>efigiem,</strong></span> <span class='ocrx_word' id='word_1_295' title='bbox 922 4019 1239 4116; x_wconf 30' lang='lat' dir='ltr'><strong>apertenfignificare</strong></span> <span class='ocrx_word' id='word_1_296' title='bbox 1258 4009 1380 4114; x_wconf 64' lang='lat' dir='ltr'><strong>nonin·</strong></span> 
     </span>
     <span class='ocr_line' id='line_1_42' title="bbox 299 4103 1379 4188; baseline -0.01 -20"><span class='ocrx_word' id='word_1_297' title='bbox 299 4121 365 4168; x_wconf 91' lang='lat' dir='ltr'><strong>con</strong></span> <span class='ocrx_word' id='word_1_298' title='bbox 477 4121 552 4188; x_wconf 78' lang='lat' dir='ltr'><strong>quie</strong></span> <span class='ocrx_word' id='word_1_299' title='bbox 570 4105 725 4178; x_wconf 67' lang='lat' dir='ltr'><strong>dixerat,</strong></span> <span class='ocrx_word' id='word_1_300' title='bbox 783 4118 855 4168; x_wconf 83' lang='lat' dir='ltr'><strong>nata</strong></span> <span class='ocrx_word' id='word_1_301' title='bbox 885 4103 906 4166; x_wconf 83' lang='lat' dir='ltr'>S</span> <span class='ocrx_word' id='word_1_302' title='bbox 967 4123 1075 4166; x_wconf 82' lang='lat' dir='ltr'><strong>enarra</strong></span> <span class='ocrx_word' id='word_1_303' title='bbox 1105 4103 1285 4188; x_wconf 79' lang='lat' dir='ltr'><strong>praesentit</strong></span> <span class='ocrx_word' id='word_1_304' title='bbox 1305 4109 1379 4158; x_wconf 78' lang='lat' dir='ltr'><strong>vitat</strong></span> 
     </span>
     <span class='ocr_line' id='line_1_43' title="bbox 298 4183 1376 4274; baseline -0.017 -20"><span class='ocrx_word' id='word_1_305' title='bbox 298 4205 379 4254; x_wconf 76' lang='lat' dir='ltr'><strong>tero</strong></span> <span class='ocrx_word' id='word_1_306' title='bbox 395 4184 524 4258; x_wconf 75' lang='lat' dir='ltr'><strong>adom.</strong></span> <span class='ocrx_word' id='word_1_307' title='bbox 577 4184 698 4251; x_wconf 76' lang='lat' dir='ltr'><strong>David</strong></span> <span class='ocrx_word' id='word_1_308' title='bbox 709 4205 767 4252; x_wconf 79' lang='lat' dir='ltr'><strong>rea</strong></span> <span class='ocrx_word' id='word_1_309' title='bbox 787 4201 824 4251; x_wconf 85' lang='lat' dir='ltr'><strong>et</strong></span> <span class='ocrx_word' id='word_1_310' title='bbox 840 4187 929 4274; x_wconf 82' lang='lat' dir='ltr'><strong>Pmp</strong></span> <span class='ocrx_word' id='word_1_311' title='bbox 956 4201 1008 4250; x_wconf 87' lang='lat' dir='ltr'><strong>eta</strong></span> <span class='ocrx_word' id='word_1_312' title='bbox 1026 4183 1286 4252; x_wconf 80' lang='lat' dir='ltr'><strong>renovationem</strong></span> <span class='ocrx_word' id='word_1_313' title='bbox 1298 4191 1376 4242; x_wconf 82' lang='lat' dir='ltr'><strong>natu·</strong></span> 
     </span>
    </p>
   </div>
   <div class='ocr_carea' id='block_1_11' title="bbox 0 0 1446 4820">
    <p class='ocr_par' dir='ltr' id='par_1_11' title="bbox 0 0 1446 4820">
     <span class='ocr_line' id='line_1_44' title="bbox 0 0 1446 4820; baseline 0 3"><span class='ocrx_word' id='word_1_314' title='bbox 0 0 1446 4820; x_wconf 95' lang='lat' dir='ltr'><strong> </strong></span> 
     </span>
    </p>
   </div>
  </div>
 </body>
</html>
