3036 4862
517 259 626 335 uter
639 259 813 368 ¹(latretur.
852 311 856 318 -
1129 257 1219 334 oet
1274 266 1286 292 ·

105 441 808 616 llzltldlldmftlsldttlt
822 441 1220 614 ttttltlltftl'tlt

107 613 234 680 iterum
262 611 369 678 veluti
407 611 445 678 iu
467 613 629 701 superiori
650 615 726 679 loco
747 614 913 678 secundue
935 613 1030 678 serua
1052 613 1220 678 vocabulo

109 694 263 764 mulieria
284 695 471 782 appellatur
490 712 527 762 et
548 719 588 762 ex
609 699 713 762 latere
735 701 807 777 ejne
828 710 1009 778 attractue3
1031 693 1067 760 in
1091 698 1220 774 adjuto·

109 781 201 846 rium
228 781 455 866 procreandae
487 780 593 866 prolia
613 780 650 844 in
673 777 879 846 contumelia
898 777 1126 845 fintilitudinie
1146 777 1222 842 insa·

109 859 1222 1046 ,a:sultunaincaelo:

305 991 316 1022 9
1098 990 1107 1019 s

111 1029 203 1098 cedit
224 1028 459 1096 conditionem
479 1028 661 1106 foeminei,
683 1029 806 1097 rnulier
825 1029 917 1094 enirn
939 1051 978 1096 ex
1001 1029 1075 1094 viro
1097 1027 1132 1106 in
1154 1025 1220 1112 pri·

110 1136 167 1182 ma
195 1111 413 1190 conditione,
447 1110 485 1177 in
514 1113 659 1180 sectatrda
681 1127 793 1178 autem
815 1112 869 1178 vir
890 1135 929 1177 ex
949 1111 1091 1180 muliere
1112 1111 1222 1176 sactae

111 1198 172 1264 est:
204 1209 383 1284 propterea
411 1195 644 1262 conditionem
673 1194 739 1260 viri
768 1195 887 1284 dicunt
908 1213 998 1262 extra
1018 1191 1219 1282 paradisum,

109 1279 263 1347 mulierie
279 1299 361 1344 vcro
375 1278 482 1344 intrat
503 1293 543 1344 ut
560 1301 621 1367 per
636 1277 881 1367 hocintelligae
892 1278 1002 1346 virum
1016 1280 1117 1344 etiarn
1127 1291 1222 1342 extra

110 1362 313 1452 paradisum,
328 1365 397 1428 hoc
412 1363 456 1428 esl
465 1367 555 1428 extra'
564 1361 788 1450 primordialia
797 1363 1007 1430 conditionie
1019 1362 1221 1449 dignitatem

111 1445 291 1514 conditum
305 1444 480 1512 meliorem
493 1447 556 1512 esse
565 1445 706 1512 muliere
716 1443 1220 1534 quaevelutiinterparadisum,

112 1535 181 1596 hoc
201 1529 246 1595 eo
266 1529 472 1618 superadditi
494 1531 587 1596 sexue
604 1529 809 1618 simplicitati
823 1529 958 1598 divinae
970 1527 1128 1617 imaginie
1142 1527 1223 1592 adu·

112 1612 289 1680 nationem
323 1613 461 1679 condita
495 1613 547 1678 est.
589 1614 700 1680 Potest
731 1629 765 1678 et
795 1615 838 1680 sic
868 1613 946 1680 dici.
990 1611 1162 1701 Quoniam
1183 1607 1222 1674 iu

112 1695 1224 1850 tltlllqt,lllllilstlllzldlllfillllllll‘.

111 1887 179 1930 rem
196 1884 277 1928 vero
294 1803 460 1931 rinconi:
502 1864 627 1930 Merito
651 1863 794 1930 interior
814 1864 873 1954 qui
895 1868 937 1930 ad
956 1807 1139 1954 iuliginem
1153 1856 1223 1924 Ilei

112 1949 221 2014 sactne
242 1947 304 2024 ess,
325 1946 363 2012 in
384 1946 537 2034 paradiso
559 1948 739 2012 sormatur=
763 1949 910 2014 exterior
930 1969 1011 2014 vero
1034 1965 1068 2014 et
1086 1965 1222 2030 corrup·

111 2029 219 2096 tibilie
252 2027 366 2095 extitit
394 2045 429 2094 et
449 2029 538 2094 insra
557 2030 746 2117 paradisum
770 2031 915 2096 delimo
937 2046 1043 2096 terrae
1063 2027 1223 2126 fingiturt

112 2113 172 2214 pui
202 2111 305 2178 eriam
333 2113 559 2200 apprehensue
593 2112 630 2176 in
651 2112 804 2199 paradiso
825 2113 984 2200 ponitur,
1018 2107 1224 2200 quouramfi

110 2221 149 2262 rn
176 2195 250 2283 ipso
278 2196 417 2260 salutem
447 2196 506 2260 suo
535 2211 746 2282 operaretur,
794 2196 949 2262 divinum
972 2217 1016 2260 ue
1039 2191 1225 2262 custodiret

32 2305 37 2321 ·
137 2294 350 2376 raecepturn,
379 2293 512 2366 poterat
534 2277 636 2344 etiarn
659 2282 701 2344 ad
724 2277 923 2366 dignitatem
944 2217 1225 2374 Reperioriecou·

140 2361 256 2428 'tionre
276 2361 464 2449 pervenire.
508 2360 680 2449 Quoniam
710 2383 792 2428 vero
812 2362 925 2430 noluit
946 2362 1083 2428 obedire
1106 2363 1225 2426 drvrno

109 2459 310 2546 ppaeceptot
333 2467 404 2512 non
427 2445 533 2511 solum
556 2461 740 2512 creatorem
763 2447 876 2521 suurn,
898 2443 1137 2512 verumetiam
1152 2439 1224 2528 dig-

111 2544 255 2596 nitatem
275 2527 433 2616 rmaginie
455 2529 610 2595 deseruit.
641 2531 690 2594 Ac
710 2551 772 2616 per
785 2533 851 2596 hoc
867 2529 903 2594 iu
921 2528 1097 2629 geminum
1109 2527 1224 2593 sexum
1341 2587 1343 2594 .

112 2612 225 2678 scissue
246 2611 306 2688 est,
328 2611 366 2678 in
388 2613 576 2678 marculum
593 2611 759 2691 ,videlicet
780 2629 814 2678 et
828 2615 1032 2680 foeminam:
1056 2608 1142 2699 qu'ae
1160 2606 1225 2673 die·

114 2693 207 2763 ciffio
228 2715 301 2760 non
324 2716 364 2759 ex
385 2711 526 2770 natura,
551 2695 609 2759 sed
629 2716 670 2758 ex
689 2695 777 2761 vitio
797 2698 927 2761 causam
948 2695 1089 2782 accepit.
1132 2694 1227 2758 Ideo·

114 2775 1228 2958 21⁰5,lllllllll'allilltlftelitigillus1:2¹:

141 2939 306 3006 aradisum
327 2941 465 3006 condita
487 2941 550 3005 esst
574 2941 631 3006 sed
652 2963 691 3006 ex
706 2943 827 3016 merito
864 2941 1243 3021 raevaricatroniesuae,

157 3040 251 3089 turae
270 3023 419 3090 facturae
439 3024 551 3089 snmfit
574 3025 794 3090 occasionem.
836 2969 921 3092 garn
944 3042 978 3090 et
998 3025 1054 3089 illa
1075 3025 1111 3090 in
1137 3038 1224 3089 exte·

114 3107 206 3174 riotc
227 3105 368 3172 homine
389 3107 449 3194 qui
469 3122 559 3172 extra
577 3109 771 3206 paradisum
792 3109 913 3175 merito
934 3108 1065 3196 peccati
1087 3105 1227 3174 delimo

115 3209 224 3258 terrae
254 3190 432 3266 conditue,
466 3191 638 3256 causaliter
667 3207 776 3256 creata
805 3193 865 3268 esi,
903 3214 988 3280 quae
1015 3191 1229 3278 postmodum

118 3273 240 3342 ordine
265 3295 337 3338 uon
370 3289 538 3360 tempore,
558 3271 611 3338 ⁴in
637 3275 792 3359 paradiso
820 3279 862 3339 de
883 3278 986 3341 latere
1006 3274 1071 3338 viri
1092 3276 1230 3338 assumta

117 3359 172 3425 esi.
192 3359 259 3424 Sed
266 3357 332 3423 save
339 3360 416 3432 hoc,
424 3357 490 3422 srve
499 3355 626 3444 aliquid
635 3357 724 3424 aliud
737 3357 927 3444 praedictare
937 3355 1228 3444 voluitmagistert

118 3462 190 3506 non
219 3439 264 3506 esi
295 3439 396 3506 nobie
417 3441 668 3505 colluctandum
690 3443 852 3526 adversae
870 3465 927 3508 cue
948 3441 1007 3529 qui
1030 3443 1114 3506 duoe
1160 3461 1228 3504 ara·

123 3522 229 3598 disoe,
255 3539 294 3588 ut
337 3523 559 3598 raediximue,
583 3523 646 3588 esse
667 3528 827 3600 credunt;
849 3548 958 3590 unum
1000 3524 1115 3589 uidem
1134 3465 1231 3612 spiri-

121 3608 267 3682 tualem,
298 3547 440 3672 aiterum
460 3626 540 3670 vero
562 3610 787 3692 corporalem,
844 3547 1001 3694 rupterd

120 3685 224 3756 minie
249 3705 424 3754 naturam:
453 3687 646 3776 praesertim
675 3713 753 3762 cum
780 3632 955 3758 viduamne
983 3689 1163 3776 saeprssime
1190 3689 1230 3754 in

122 3769 260 3838 divinae
286 3773 468 3860 scripturae
497 3771 764 3848 narrationibua,
793 3777 900 3840 multa
918 3779 1142 3855 iuxtauerutu
1164 3771 1232 3838 sac·

122 3872 233 3920 tarum
252 3855 428 3922 veritatem
449 3869 484 3921 et
503 3853 713 3922 historialiter
734 3858 822 3922 sacta
845 3873 879 3922 et
900 3855 1115 3945 spiritualiter
1131 3855 1231 3922 intel·

121 3941 220 4004 lecta.
262 3940 425 4006 Abraham
455 3938 548 4005 enirn
577 3941 662 4004 dnoe
683 3939 773 4005 filioe
795 3939 930 4016 habuit,
966 3961 1073 4006 unum
1093 3939 1232 4027 quidem

124 4043 166 4087 ex
195 4019 335 4099 ancilla,
364 4045 473 4088 uuum
500 4025 543 4088 de
563 4020 679 4087 libera.
722 4025 767 4088 Et
784 4027 868 4088 haec
888 4024 1025 4112 quidem
1046 4025 1233 4089 secundum

97 4101 292 4172 ‘historiam
327 4105 415 4170 sacta
435 4107 523 4170 sunt.
564 4108 661 4170 Juxta
681 4121 794 4172 temen
814 4107 1016 4195 Assegoriam
1038 4109 1120 4172 duae
1139 4107 1231 4192 legee

121 4187 328 4278 fignifiraut,
349 4209 453 4258 unatu
472 4187 610 4278 quidem
630 4189 761 4258 Veteris
781 4191 1005 4274 Testamenti,
1038 4187 1129 4256 Novi
1148 4205 1230 4256 veto

1003 3607 1150 3706 uplicem
1171 3609 1231 3672 ho·
1333 3651 1348 3664 -
