3048 4856
544 231 653 318 lo‘ler
675 231 830 320 ΜΨ·
1168 196 1245 312 iol

128 442 203 510 que
232 421 357 490 tanam
382 419 580 510 scripturam
607 419 883 510 investigantium
915 421 1068 494 dubitare
1098 439 1243 510 oportet,

154 507 228 570 uod
258 505 372 574 omnia
399 507 437 573 in
467 509 543 573 Deo
571 509 675 574 verbo
703 515 839 572 aeterna
866 507 961 572 timul
990 523 1025 572 et
1044 508 1131 573 facta
1153 511 1240 577 lunt.

162 609 221 654 ‘ani
251 604 285 656 et
317 611 396 654 vera
417 588 505 656 ratio
528 605 563 656 et
581 589 691 659 sacrae
710 587 893 678 scripturae
914 590 1099 656 authoritas
1119 591 1157 658 in
1178 596 1245 660 hoe
1299 585 1301 600 '

129 669 341 738 unanimiter
372 672 607 752 consentiunt,
645 689 681 740 et
707 695 779 740 non
809 673 873 738 alia
905 675 968 739 elle
998 697 1083 762 quae
1111 692 1245 760 aeterna

130 755 232 829 sunt,
248 771 301 829 ,et
322 755 386 821 ulia
408 779 493 843 quae
513 755 619 835 factat
648 757 707 823 led
728 757 845 822 eadem
865 757 960 824 limul
982 774 1016 824 et
1037 774 1187 835 aeterne,
1211 775 1246 824 et

129 839 241 914 factu
288 861 333 904 ua
352 863 430 906 vera
451 839 584 906 ratione
606 855 756 917 aeterna,
780 857 815 906 et
833 842 933 917 facta,
956 857 990 906 et
1001 843 1087 906 facta
1099 859 1244 908 etaeter·

127 943 176 986 na
203 943 250 1008 po
276 945 363 988 imus
390 921 601 1012 intelligere,
633 923 739 1012 exigis
769 945 789 988 a
817 947 872 998 me
904 947 975 993 uon
998 926 1167 992 immerito
1189 949 1243 998 ex·

130 1007 280 1092 planare.
324 1006 499 1154 Sipuidem
521 1005 558 1072 id
577 1007 688 1094 ipsum
709 1023 882 1072 ueternum
905 1009 1086 1076 etinctum
1102 1011 1245 1074 sublibe-
1289 1080 1293 1095 .

129 1109 168 1152 re
198 1087 335 1154 ridetur
390 1091 425 1156 bi
442 1112 551 1156 ¹verae
571 1090 696 1156 rationi
717 1112 789 1156 non
811 1091 1013 1170 convenire,
1045 1109 1081 1158 et
1105 1093 1243 1166 fortaffie
1292 1098 1296 1106 “

128 1174 289 1238 nondum
320 1193 383 1260 ego
411 1173 482 1260 iple
513 1178 684 1272 quomodo
715 1177 782 1240 hoc
811 1175 1014 1254 conveniat,
1050 1179 1092 1244 ad
1119 1191 1244 1268 purum
1352 1243 1355 1252 Δ

76 1277 80 1282 ·
132 1254 286 1320 dinosco.
330 1261 373 1321 D.
396 1257 513 1355 Incipe
534 1273 649 1343 itaque
671 1261 713 1323 de
734 1261 798 1324 hac
818 1259 1027 1346 quaestione,
1048 1261 1073 1326 si
1093 1261 1177 1347 quid
1196 1261 1244 1328 di·

130 1341 303 1413 cendum,
326 1356 361 1404 et
380 1339 552 1428 inquirere
574 1357 608 1405 et
629 1341 767 1427 aperire.
1129 1379 1133 1388 .
1155 1381 1158 1386 ·

194 1444 225 1506 9.
258 1423 307 1486 M.
337 1423 499 1490 Rationes
530 1424 684 1490 omnium
704 1447 834 1502 reruni,
870 1423 952 1490 dum
973 1425 1011 1490 in
1032 1425 1103 1512 ipsa
1124 1442 1244 1496 natura
1280 1429 1284 1438 “

131 1504 247 1578 verbi,
280 1527 366 1592 quae
392 1507 670 1592 supereffentialie
703 1509 764 1584 est,
801 1508 1056 1596 intelliguntur,
1092 1525 1243 1576 aeternae

131 1587 198 1652 elle
219 1587 370 1653 arbitror.
409 1590 497 1675 Quic
522 1589 582 1654 uid
604 1590 753 1657 enimin
775 1595 851 1658 Deo
870 1595 974 1657 verbo
988 1591 1251 1658 substantialiter

130 1671 197 1746 est,
219 1671 376 1756 quoniam
399 1694 471 1738 non
494 1613 586 1738 alliud
630 1691 738 1740 raeter
757 1675 869 1762 ipsum
888 1679 1030 1740 verbum
1053 1677 1116 1752 eit,
1140 1693 1243 1742 aeter·

128 1773 217 1816 num
246 1755 307 1820 effe
340 1757 470 1820 necelle
499 1757 552 1820 est.
624 1779 644 1822 c
672 1780 733 1842 per
761 1759 828 1822 hoc
849 1757 1045 1833 conficitur,
1077 1773 1111 1822 et
1130 1759 1243 1844 ipsum

129 1839 274 1901 verbum
296 1853 331 1902 et
351 1836 575 1924 multiplicem
597 1838 702 1904 totiuu
723 1838 947 1904 univerlitatir
972 1840 1130 1906 conditae
1150 1841 1242 1925 prin·
1287 1909 1288 1913 ,

128 1918 427 2007 cipaliffimamque
446 1921 614 1986 rationem
635 1919 672 1984 id
692 1920 802 2004 ipsum
823 1922 897 1985 effe.
940 1923 1114 1988 Pollumue
1140 1923 1243 1988 etiam
1328 1925 1331 1932 '

127 2003 176 2066 fic
210 2003 332 2070 dicere.
376 2003 525 2089 Simplex
556 2019 591 2066 et
610 2000 787 2088 multiplex
807 2025 920 2068 rerum
941 2005 1096 2076 omnium
1117 2004 1242 2089 princi·

127 2084 293 2172 paliffima
313 2086 416 2162 ratio,
452 2084 611 2151 dominus
631 2087 772 2150 verbum
794 2086 848 2150 est.
890 2088 976 2151 Nam
998 2110 1017 2151 a
1038 2087 1179 2152 Graecia
1193 2091 1243 2154 lo·

154 2190 192 2234 oa
212 2185 372 2246 vocatur,
393 2172 461 2234 hoc
486 2169 546 2244 est,
570 2171 731 2242 verbum,
755 2170 809 2232 vel
831 2169 937 2244 ratio,
958 2171 1013 2234 vel
1035 2171 1142 2236 caula.
1189 2176 1242 2238 ln·

129 2191 173 2316 {e
194 2255 287 2338 quod
307 2254 344 2318 iii
368 2257 494 2318 Graeco
515 2251 701 2351 Evangelio
722 2250 884 2338 scriptum
898 2253 961 2328 est,
986 2249 1018 2319 ἐν
1041 2253 1063 2319 ἂ
1084 2255 1145 2342 χῆ
1159 2239 1199 2344 ἦν
1220 2253 1240 2322 o‘

129 2329 259 2423 λόγος,
282 2339 388 2433 potest
407 2335 638 2422 interpretari:
660 2340 699 2400 ln
720 2333 890 2422 principio
914 2352 984 2402 crat
1003 2278 1161 2413 verium,
1185 2342 1241 2406 vel

127 2419 168 2484 in
189 2419 360 2508 principio
383 2436 454 2490 erat
472 2420 576 2496 ratio,
599 2421 652 2486 vel
665 2419 702 2482 in
717 2418 887 2507 principio
903 2437 972 2513 erat
987 2422 1093 2488 caula.
1125 2421 1241 2506 Quod·

129 2525 267 2590 cunque
297 2504 388 2568 enim
415 2507 537 2568 borum
565 2503 639 2588 quie
663 2501 801 2580 dixerit,
834 2520 1015 2568 averitate
1036 2527 1106 2570 nori
1129 2507 1240 2572 devia·

128 2585 191 2650 bit.
235 2587 322 2652 Nam
352 2585 550 2673 unigenitus
571 2587 637 2652 Dei
658 2585 747 2652 filius
769 2603 804 2650 et
824 2591 965 2652 verbum
988 2589 1050 2662 est,
1086 2603 1121 2654 et
1140 2589 1238 2666 ratio,

128 2684 165 2734 et
192 2671 300 2734 causa.
342 2672 487 2736 Verbum
520 2669 674 2758 quidem,
712 2668 791 2756 quia
817 2695 878 2758 per
898 2671 1017 2770 iplum'
1030 2675 1122 2736 Deua
1145 2689 1241 2760 pater

130 2753 219 2816 dixit
236 2751 311 2816 lieri
333 2749 463 2830 omnia,
486 2753 591 2818 immo
614 2755 715 2818 etiam
737 2754 808 2839 ipse
853 2771 933 2818 atris
956 2755 1085 2826 dicere,
1116 2773 1150 2818 et
1170 2755 1241 2821 dic·

130 2834 202 2910 tio,
222 2852 255 2900 et
276 2838 383 2900 lerino
405 2839 466 2902 est:
488 2838 532 2901 fic
552 2851 593 2898 ut
612 2837 683 2922 ipse
706 2835 753 2898 ait
774 2836 810 2898 in
861 2836 1037 2920 vangeliot
1065 2839 1109 2900 Et
1131 2837 1238 2915 lerino

157 2941 233 2982 uem
252 2921 387 2984 locutus
411 2922 484 2984 lum
505 2918 602 2983 vobia
625 2939 695 2983 non
720 2919 763 2980 est
782 2941 892 2994 meus,
916 2921 973 2982 led
988 2919 1088 3003 ipsius
1106 2919 1164 3004 qui
1179 2917 1240 2982 mi·

130 2941 172 3066 Et
191 3025 255 3067 nie.
299 3005 477 3089 Tanquam
499 3001 626 3067 diceret
647 3017 776 3089 aperte,
799 3005 871 3087 Ego
893 3000 952 3087 qui
974 3003 1047 3064 sum
1065 3003 1170 3066 sermo
1183 3021 1240 3087 pa·

130 3084 191 3150 tria
214 3085 272 3171 qui
291 3087 428 3150 locutus
451 3086 523 3150 lum
542 3083 657 3162 vobis,
692 3107 762 3149 non
785 3085 991 3158 lummene,
1022 3084 1079 3147 led
1099 3086 1241 3170 loquen-

128 3169 174 3232 tis
204 3167 241 3232 in
271 3191 326 3232 me
353 3169 477 3256 panim
509 3185 542 3232 et
564 3168 697 3233 secretis
719 3167 917 3232 substantiae
937 3169 1015 3231 tuae
1037 3165 1162 3232 finibus
1184 3189 1240 3231 me

130 3252 320 3338 gignentis,
351 3268 385 3316 et
407 3251 520 3317 omnia
541 3271 694 3338 per‘me,
725 3257 791 3316 hoc
814 3251 876 3325 est,
907 3251 1079 3337 gignendo
1100 3273 1170 3325 me,
1194 3251 1241 3314 la·

130 3334 273 3418 clentis:
295 3335 395 3399 Ratio
415 3356 519 3410 vero,
542 3335 704 3420 quoniam
724 3336 795 3421 iple
817 3333 862 3398 est
882 3333 1035 3398 oninium
1057 3332 1241 3402 vilibilium

131 3434 167 3481 et
195 3418 415 3482 invisibilium
441 3416 629 3504 principale
658 3420 846 3504 exemplar,
881 3417 1028 3503 ideoque
1059 3440 1077 3481 a
1105 3416 1241 3486 Graecia

130 3499 222 3581 ἰδέα,
245 3501 283 3566 id
304 3501 365 3577 est,
386 3501 512 3586 species
534 3503 589 3564 vel
610 3501 718 3566 forma
739 3501 873 3566 dicitur.
915 3504 954 3564 ln
977 3501 1049 3586 ipso
1072 3499 1164 3564 enim
1184 3523 1241 3586 pa·

130 3601 182 3650 ter
210 3584 324 3650 omnia
352 3606 437 3671 quae
464 3583 574 3648 voluit
601 3584 692 3661 sieri,
721 3585 917 3671 priusquam
944 3583 1066 3648 fierent
1084 3583 1175 3648 vidit
1194 3584 1242 3648 fa·

129 3667 262 3732 cienda.
306 3667 413 3750 Causa
442 3687 577 3765 quoque
600 3669 660 3745 est,
694 3667 856 3766 quoniam
877 3668 1065 3732 occasiones
1087 3666 1241 3732 omnium

129 3751 362 3826 aeternaliter,
386 3767 420 3814 et
440 3751 764 3816 incommutabiliter
785 3751 822 3817 in
843 3749 916 3838 ipso
930 3751 1113 3815 lubfillunt.
1147 3751 1241 3836 Quo·
1307 3797 1311 3813 .

131 3834 225 3900 uiam
245 3833 352 3922 igitur
373 3832 560 3910 driutius,
591 3852 626 3900 et
645 3838 805 3911 verbum,
830 3851 865 3899 et
883 3835 1000 3909 ratio,·
1013 3849 1047 3898 et
1067 3835 1164 3898 caula
1186 3834 1241 3910 ett,

129 3939 202 3984 non
222 3917 454 4016 incongruum
479 3916 609 3996 dicere,
645 3919 783 4005 simplex
795 3932 837 3994 ¹et
857 3915 895 3982 iii
915 3920 949 3982 ie
965 3917 1107 3982 infinite
1128 3917 1244 3982 multi·

154 4003 208 4066 lex
228 4017 372 4066 creatrix
392 4000 616 4087 universitatis
640 4001 799 4069 conditae
818 3999 905 4066 ratio
930 4015 963 4066 et
977 4002 1074 4066 caula
1092 4001 1159 4065 Dei
1171 4021 1245 4066 ver·

128 4023 215 4150 ium
235 4086 296 4150 este
328 4105 367 4150 uo
386 4083 430 4151 ric
449 4101 635 4150 recurreret
654 4085 721 4150 Dei
740 4087 882 4151 verbum
905 4085 950 4148 eli
967 4085 1126 4170 simplex,
1149 4098 1184 4149 et
1203 4081 1241 4148 in

133 4169 167 4234 fe
188 4167 328 4236 infinite
349 4165 529 4257 multiplex
550 4167 690 4238 creatrix
710 4165 935 4236 universitatis
949 4167 1124 4246 conditae,
1147 4180 1182 4231 et
1194 4185 1242 4231 ra·
