2866 4822
185 324 189 334 ,
265 249 356 327 488
595 245 654 372 lle
675 187 856 319 situum
874 231 1062 316 sverm

268 423 357 501 tl'tm¹
381 429 541 522 proferat.
581 431 656 520 Ego
689 443 803 497 autem
828 427 1067 497 incunctanter
1096 423 1234 516 vestigia
1268 445 1386 493 eorurn

269 517 303 590 se
326 528 405 606 nor,
429 513 488 662 qui
510 533 582 581 non
603 529 729 580 temere
749 511 946 663 praedicant
965 510 1213 612 humanitatem
1238 509 1385 577 Domini

268 621 316 668 no
361 598 436 664 ''Je
450 619 475 662 u
504 597 626 665 Christi
656 599 733 663 suae
776 597 927 662 trrnrtati
947 612 1100 671 nuttam,
1131 611 1180 660 uta
1200 608 1244 659 ut
1262 617 1384 670 unum,

268 684 357 748 salva
379 697 574 766 namtarum
595 680 745 757 ratione,
767 679 805 746 in
825 678 897 768 ipsa
915 694 951 744 ct
969 701 1048 746 cum
1062 678 1200 766 ipsasrtr
1221 677 1388 766 quoniam

267 786 339 831 uua
366 763 544 830 substantia
571 764 632 842 cll,
662 779 697 830 et
724 779 764 828 ut
792 762 943 842 ufitatiua
977 762 1106 838 dicam,
1138 782 1207 826 una
1242 761 1386 850 persour

269 847 461 916 humaniter
490 845 611 914 Christi
633 862 667 912 et
688 845 868 922 divinitae,
899 861 934 911 et
954 847 1240 934 quemadmodum
1264 843 1387 910 divini·

195 953 201 968 ¹
270 949 321 998 tar
355 935 426 1012 ejut
455 950 590 996 omnem
619 931 752 1029 superat
784 929 1017 1005 intellectumt
1052 927 1100 993 ita
1122 944 1157 993 et
1175 927 1386 1003 humanitas,

143 1080 149 1094 ,
271 1035 357 1104 quae
378 1015 476 1101 super
493 1013 779 1079 universalitatem
799 1011 937 1078 vifibilia
961 1028 996 1078 et
1014 1009 1241 1106 intelligibilia
1257 1027 1387 1076 creatu·
1413 1033 1416 1106 q

89 2929 104 2982 ¹.
203 2943 234 2984 ·.
271 2920 486 2988 mansuram?
510 2916 604 3006 Quid
625 2919 717 2986 enirn
738 2919 775 2984 in
798 2921 845 2986 eia
870 2925 1098 3008 torquebitur,
1122 2944 1167 3008 po

270 1119 348 1173 rae,
371 1098 469 1183 super
490 1097 604 1163 omnia
624 1099 699 1162 loca
720 1111 755 1161 et
775 1111 945 1184 tempora,
970 1095 1069 1182 super
1090 1115 1226 1160 ornnem
1244 1093 1388 1160 circum
1416 1130 1417 1176 q

235 1221 239 1235 ·
270 1179 489 1266 scriptionem
517 1196 552 1245 et
573 1178 831 1256 definitionem,
863 1180 961 1268 super
982 1199 1099 1244 omnea
1120 1179 1255 1251 coeloe,
1291 1178 1388 1264 snper
1416 1181 1418 1266 ¹,

207 1295 216 1314 ·
272 1284 390 1329 omnea
411 1262 553 1328 virtuter
574 1277 610 1328 et
629 1263 827 1350 potestaten,
854 1263 952 1348 super
973 1282 1074 1338 omne
1096 1263 1188 1348 quod
1209 1259 1387 1326 dicituret
1418 1324 1419 1348 ,

269 1343 492 1432 intelligitur,
516 1347 614 1432 super
635 1367 736 1412 omne
757 1348 850 1433 quod
871 1345 943 1434 poll
963 1344 1150 1410 Dominum
1173 1343 1237 1419 est,
1263 1345 1386 1408 exalta·
1418 1349 1419 1360 ¹

251 1443 306 1495 ¹ta
329 1427 373 1492 eli
394 1443 428 1492 et
449 1429 724 1516 superessentialia
746 1429 836 1494 sacta
857 1429 922 1506 est,
946 1427 1041 1494 omni
1063 1443 1233 1493 creaturae
1256 1425 1387 1495 incom·
1419 1420 1420 1446 ¹

271 1511 503 1616 prehensibilis
536 1527 572 1578 et
603 1511 900 1598 ininvestigabilia,
938 1527 973 1576 et
993 1514 1061 1577 hoc
1081 1511 1118 1577 in
1140 1508 1311 1598 superiori
1334 1513 1390 1575 hu·
1420 1516 1421 1530 ¹

269 1617 323 1678 Jua
345 1593 456 1681 operia
477 1610 573 1660 textu
595 1595 784 1660 docuimus.

335 1693 387 1754 27.
409 1682 453 1742 D.
477 1679 529 1741 De
551 1677 754 1744 exaltatione
775 1675 942 1742 incarnati
962 1674 1056 1742 verbi
1078 1695 1155 1742 curn
1169 1695 1272 1741 carne
1287 1695 1387 1763 quarn
1422 1725 1423 1734 ι

274 1761 317 1826 de
347 1758 400 1824 vir
424 1760 480 1824 'ne
514 1758 645 1844 accepit
666 1775 807 1847 totoque
827 1759 966 1825 homine
988 1781 1028 1825 co
1053 1761 1145 1824 ulato
1167 1758 1227 1824 fibi
1253 1758 1293 1823 in
1317 1759 1388 1824 uni·

274 1857 377 1908 tatem
401 1781 607 1908 irritandae
636 1843 870 1930 superomnia
891 1843 1008 1990 supere
1034 1842 1223 1916 entialiter,
1260 1858 1389 1908 etate
1424 1902 1425 1906 ,

205 1963 210 1972 ·
273 1924 411 2012 copiose
438 1925 568 1990 suasum
599 1939 633 1990 et
654 1947 673 1990 a
694 1926 816 1991 sanctie
837 1926 928 1992 Patri
954 1949 993 1991 ut
1015 1925 1059 1991 ett
1080 1927 1297 1990 roboratum:
1336 1927 1388 1991 sed
1425 2000 1426 2012 χ

271 2023 389 2074 utrum
419 2023 490 2074 tota
518 2023 638 2074 natura
658 2011 824 2083 bumana,
856 2031 955 2096 quam
977 2009 1079 2076 solam
1098 2006 1221 2108 partim
1243 2007 1282 2071 in
1307 2009 1388 2074 elec·

272 2089 316 2157 tia
337 2091 544 2158 liberandam
565 2107 783 2178 putaveram,
808 2093 935 2179 semper
956 2092 1078 2178 partim
1101 2113 1138 2155 nt
1159 2089 1316 2178 reprobis
1341 2113 1387 2155 ae·
1426 2096 1427 2110 ¹

273 2191 371 2240 terno
412 2174 424 2239 i
450 2197 493 2240 ne
530 2177 752 2262 torquendam
784 2174 930 2240 tletineri
960 2175 1076 2240 solatia
1102 2173 1203 2260 ipfiua
1237 2173 1387 2238 malitiae
1427 2192 1428 2204 ¹

151 2313 162 2331 .
273 2197 469 2324 retinacuiit
491 2257 696 2403 penitusque
718 2256 898 2344 dirruptie,
935 2271 974 2322 ut
994 2257 1144 2344 superior
1166 2261 1269 2322 docet
1288 2257 1386 2331 ratio,

273 2341 444 2405 ascensura
473 2361 490 2404 e
519 2337 533 2414 ',
567 2361 636 2442 quo
669 2340 839 2427 primitiae
866 2340 877 2405 i
905 2341 968 2406 siue
995 2339 1240 2419 humanitatem
1267 2339 1386 2406 Cbrisii

274 2423 371 2496 dico,
394 2423 648 2502 ascendit51am
672 2423 794 2488 dubiut
816 2425 882 2488 delr
908 2445 983 2498 ero,
1016 2445 1094 2489 cum
1114 2424 1205 2486 inter
1227 2423 1261 2486 se
1282 2427 1387 2488 multa

268 2503 311 2570 iu
333 2507 397 2588 hac
416 2503 607 2591 quaestione
629 2507 866 2570 colluctantur.
909 2507 945 2572 Si
960 2505 1058 2572 euim
1081 2521 1151 2572 tota
1171 2504 1254 2570 illuc
1278 2507 1386 2570 ascen·

272 2589 346 2652 sura
376 2587 440 2664 est,
475 2603 510 2650 et
537 2603 577 2650 ut
604 2587 753 2674 apertiut
784 2588 911 2665 dicam,
948 2589 1108 2654 redirent
1127 2589 1163 2653 in
1187 2609 1265 2652 eum
1287 2597 1386 2676 qt'rem

271 2673 447 2756 peccando
486 2669 656 2757 deseruit3
695 2671 720 2736 si
756 2691 828 2736 earn
858 2686 962 2736 totam
980 2671 1189 2748 vredirtleudo
1220 2671 1386 2759 succepi13

275 2753 359 2841 quid
387 2753 510 2820 dicturi
532 2754 666 2829 sumna,
703 2774 820 2820 nonne
842 2755 1049 2844 consequens
1072 2755 1153 2830 erit,
1186 2756 1316 2820 nullam
1341 2777 1387 2819 ao

273 2852 404 2902 ternam
431 2851 574 2902 mortem
603 2834 773 2914 miseriae,
812 2839 939 2902 nullam
967 2837 1149 2937 impiorum
1196 2832 1319 2904 benum
1341 2859 1386 2902 re

1216 2943 1295 2986 uam
1316 2937 1386 2986 tota

196 3035 203 3048 ·
272 3021 393 3070 natura
414 3008 510 3088 cujut
532 3000 615 3068 boni
637 3017 671 3067 et
691 3002 770 3068 mali
792 3003 973 3091 participer
994 3005 1085 3078 sunt,
1109 2861 1305 3070 rutilorum
1320 3027 1386 3068 om·

271 3087 312 3152 ni
331 3092 440 3152 mo'rte
461 3103 562 3174 atque
582 3084 710 3154 malitia
731 3085 945 3158 liberabitur,
968 3111 1085 3152 verum
1108 3086 1208 3152 etiarn
1227 3087 1263 3152 in
1277 3089 1384 3184 ipsum

271 3175 385 3236 Deum
405 3169 580 3236 reverteri
602 3167 669 3233 Ubi
690 3190 770 3233 vero
792 3169 896 3234 aestua
917 3169 975 3235 ille
995 3173 1202 3235 flammarum
1224 3170 1315 3258 igme
1338 3193 1386 3234 ae·

273 3253 382 3330 terni,
414 3251 452 3317 in
481 3273 581 3339 quem
610 3251 765 3318 severiter
801 3249 960 3332 juiliffimi
979 3254 1103 3333 judicie
1126 3255 1232 3318 malou
1251 3251 1386 3318 mill‘ura

275 3337 337 3410 ett,
362 3334 496 3402 dicentr
517 3341 573 3399 Ita
593 3335 764 3400 maledicti
784 3339 818 3400 in
838 3340 945 3420 ignem
966 3351 1152 3414 aeternnm,
1174 3342 1233 3422 qui
1242 3343 1384 3435 proepa-

272 3433 367 3484 ratur
390 3418 592 3516 cjldinbolo
613 3433 648 3482 et
668 3420 797 3501 angelis
815 3421 913 3518 fjus?
935 3420 1000 3484 Ubi
1024 3421 1087 3484 crit
1108 3420 1310 3506 supplicium
1338 3443 1387 3486 ac·

170 3541 175 3560 ι
273 3517 409 3567 ternum
437 3523 473 3566 tn
495 3505 588 3588 quod
610 3500 692 3566 ituri
715 3503 792 3576 sunt
813 3502 928 3591 rmpii,
961 3503 1101 3568 sinulla
1121 3525 1197 3589 pare
1219 3508 1387 3568 humanae

191 3635 194 3648 .
272 3599 414 3650 naturae
444 3582 657 3660 remanserit,
694 3607 779 3673 quae
801 3599 936 3651 aeterno
959 3585 994 3650 su
1021 3586 1123 3673 plicio
1147 3587 1294 3652 obnoxia
1315 3587 1385 3651 srtl

271 3666 386 3732 Finita
406 3689 552 3755 nemque
573 3666 667 3733 omni
688 3667 835 3742 malitie,
859 3670 933 3756 quir
949 3611 1056 3734 maius
1069 3663 1283 3734 rernanebits
1306 3672 1387 3734 Om-

272 3748 327 3814 nia
357 3749 449 3816 enim
477 3753 583 3834 malua
615 3749 742 3815 malitia
764 3754 871 3816 malua
894 3752 957 3826 cli,
993 3773 1031 3818 ac
1051 3774 1112 3838 per
1132 3755 1198 3817 hoc
1219 3769 1385 3838 pereunte

272 3831 419 3908 malitia,
441 3833 566 3919 peribit
586 3834 688 3898 ctiam
710 3849 744 3898 et
767 3837 886 3899 malua.
928 3835 1119 3902 Deficiente
1139 3835 1197 3922 qui
1225 3857 1267 3923 pe
1289 3839 1387 3902 causa

143 3927 148 3934 '
272 3915 488 3982 necesarium
512 3918 555 3980 cll
576 3917 732 3982 effectum
755 3917 805 3982 sui
831 3917 985 3984 deficere.
1027 3922 1155 3984 Eadem
1242 3919 1330 3984 ratio
1346 3923 1386 3986 dr

271 3993 381 4065 morte
402 4015 436 4064 et
456 3999 535 4064 vita.
581 4000 616 4098 Si
639 4000 729 4066 enim
749 3995 975 4100 absqrbebitur
994 4024 1080 4068 mors
1098 4005 1228 4100 opitu,
1271 4025 1387 4150 quem·

226 4164 229 4172 Δ
272 4085 458 4149 admodum.
487 4103 505 4148 a
531 4087 685 4148 bonitate
712 4087 841 4151 malrui
871 4099 906 4150 et
938 4107 957 4151 a
986 4085 1199 4152 beatitudine
1230 4087 1279 4152 mi
1295 4105 1385 4168 επις

273 4165 348 4250 quia
370 4187 389 4232 a
409 4181 518 4234 morte
539 4181 574 4232 et
594 4165 727 4234 miseria
747 4167 982 4256 torquebitur,
1005 4173 1142 4257 quando
1164 4169 1385 4237 extrarium
