2866 4822
274 237 354 310 m
604 237 658 306 tte
681 221 861 308 lliein‘one
882 237 1055 334 llsuturoe.
1110 323 1124 348 f

256 424 406 494 ‚mimum
448 427 496 490 Ac
516 425 540 488 fi
562 439 677 510 aperte
702 421 847 490 diceret:
870 421 991 490 Omnie
1011 438 1208 488 natorerom
1225 423 1316 488 data
1332 421 1405 486 lule

276 509 403 574 stitutio
434 522 469 572 et
489 506 680 572 restauratio
701 513 787 595 qliae
808 529 849 572 ex
871 510 949 572 dato
975 521 1009 570 et
1029 507 1122 571 dono
1143 505 1402 579 conformatur,

277 591 457 678 omniaque
483 590 632 676 perfeca
654 610 771 656 eorum
793 590 851 678 qni
873 589 969 677 digni
991 591 1069 654 lunt
1090 604 1226 654 aeterna
1247 589 1404 654 beatim

277 675 358 743 dine
379 673 570 756 deificatio.
594 607 694 762 gnam
716 673 834 740 Graeci
856 671 980 740 θέωσιν
1002 673 1141 746 dicunt,
1164 675 1205 738 ab
1226 689 1311 738 uno
1332 673 1404 736 ion·

276 775 311 824 te
336 773 470 834 manat,
502 759 569 822 boc
597 757 641 822 est
658 757 712 822 'de
743 757 870 822 furlum
892 779 910 822 a
930 759 1029 822 Patre
1049 753 1230 821 luminum.
1277 759 1403 840 Itaque

276 846 392 908 datum
413 855 453 904 ut
498 838 718 915 raediximuo,
752 839 1041 905 in'creaturarum
1062 839 1308 904 substitutione
1333 839 1402 901 lnb-

275 923 436 998 llantiali.
484 943 589 988 onum
609 944 690 987 vero
706 922 743 988 in
757 923 972 990 deificatione
989 925 1172 988 electorum
1191 923 1401 1010 superessen-

216 1017 220 1026 '
275 1007 349 1072 tiali
371 1005 522 1093 accipere
544 1009 714 1076 debemus.
745 1009 823 1071 Non
849 1006 941 1072 enim
960 1006 1056 1071 aliter
1075 1006 1191 1072 divina
1209 1004 1398 1094 provideo·

275 1092 323 1156 tia
352 1087 577 1155 unirerfitatio
608 1110 708 1176 quam
730 1089 905 1164 condidit,
938 1090 1091 1158 ordinem
1115 1089 1320 1154 substituere
1345 1107 1397 1151 vo

276 1169 363 1249 tuit,
384 1194 449 1238 nec
469 1172 542 1237 fieri
566 1171 684 1259 debuit
703 1195 767 1238 nec
788 1173 940 1261 pollibile
960 1172 1044 1236 fuit:
1066 1172 1127 1238 nisr
1148 1188 1187 1236 nt
1206 1171 1330 1258 primo
1349 1173 1397 1235 de
1422 1213 1423 1220 ι

276 1271 330 1324 ret
351 1254 503 1320 ellentiae
527 1271 561 1320 et
580 1255 773 1322 substantioe
795 1257 916 1344 quibus
939 1257 1050 1344 pollea
1072 1253 1283 1320 distribueret
1301 1275 1396 1320 orna·

275 1355 410 1414 menta,
444 1341 511 1404 hoc
541 1339 585 1402 cll
615 1337 757 1406 virtutes
780 1343 920 1404 donaret
942 1345 1035 1420 juxto
1056 1337 1257 1424 dignitatem
1281 1353 1323 1402 et
1345 1359 1396 1400 an
1422 1375 1423 1384 ι

254 1423 428 1510 -gelorum
464 1437 498 1488 ct
533 1421 731 1498 hominum,
764 1445 848 1510 quoe
868 1419 1051 1515 praescivit
1072 1435 1106 1486 et
1123 1419 1398 1520 praedestina&

275 1501 458 1593 conformes
484 1505 566 1596 fieri
586 1509 755 1588 unigenito
775 1509 850 1572 Dei
868 1507 976 1572 verbo.
1020 1508 1065 1570 Ut
1084 1504 1190 1592 igitur
1211 1506 1395 1572 concluda-

268 1607 353 1656 'mue
375 1589 544 1665 breviter,
567 1605 687 1652 natura
711 1589 755 1653 ell
775 1594 901 1666 datum,
963 1589 1029 1656 atie
1049 1609 1130 1653 vero
1154 1591 1298 1654 donum.
1335 1589 1395 1652 lla·

277 1689 353 1738 tnra
381 1695 422 1740 cx
448 1693 520 1737 non
551 1671 764 1737 existentibus
794 1673 831 1738 in
861 1673 912 1738 exi
941 1672 1031 1738 entia
1060 1671 1215 1736 adducit:
1264 1674 1394 1736 donum

277 1776 359 1820 vero
379 1758 542 1842 quaedam
565 1752 775 1821 existentium
796 1756 883 1822 ultra
906 1755 1019 1822 omnio
1043 1753 1211 1820 existentia
1224 1753 1265 1819 in
1279 1754 1393 1841 ipsum

276 1841 390 1904 Deum
412 1836 537 1902 evehit.
578 1839 648 1902 Eoo
677 1837 767 1904 enim
791 1839 860 1938 qui.
873 1839 1022 1906 divinam
1040 1839 1143 1928 [super
1164 1838 1282 1902 omnia
1306 1859 1395 1902 com·

275 1921 476 1988 munionem
497 1919 720 2007 participant.
742 1921 832 1988 inter
851 1921 965 1989 omnia
980 1921 1214 1990 connumerari
1224 1941 1310 1986 vera
1324 1942 1392 1986 non

274 2003 354 2070 linit
384 2003 482 2070 ratio.
524 2007 576 2068 De
606 2005 639 2068 le
671 2025 816 2092 namque
845 2004 967 2071 veritae
1001 2005 1066 2070 ait:
1104 2005 1174 2072 Ubi
1195 2027 1258 2087 ego
1271 1997 1388 2093 fuero.

254 2089 347 2172 ¹illie
375 2103 410 2153 et
436 2086 585 2178 minister
611 2111 709 2152 meus.
754 2090 860 2187 lplem
889 2085 1127 2154 incunctanter
1158 2089 1256 2174 snper
1277 2087 1394 2152 omnia
1422 2143 1423 2166 .

276 2171 351 2238 elle
371 2171 549 2238 credimur.
601 2169 745 2236 Ministri
776 2172 881 2258 igitur
910 2171 1011 2258 ipllue
1041 2171 1276 2258 superomnia
1301 2171 1388 2234 sunt
1422 2167 1423 2188 ¹

276 2257 417 2322 Caetera
437 2275 517 2318 vero
539 2276 625 2351 quoe
648 2253 808 2318 virtutem
831 2276 935 2340 purae
956 2253 1255 2340 contemplationie
1278 2255 1327 2318 de
1344 2274 1389 2318 or·

276 2339 357 2403 dine
378 2339 659 2423 theophaniarum
681 2359 752 2402 non
775 2337 965 2425 attingunt,
989 2337 1164 2403 inferiores
1181 2336 1323 2404 ordinet
1337 2338 1390 2401 ob·

232 2473 237 2478 .
276 2421 407 2493 tinent,
440 2421 506 2482 live
527 2419 563 2482 in
586 2419 802 2504 theophaniis
824 2421 890 2485 five
913 2419 949 2484 in
972 2421 1169 2486 inferiorum
1190 2437 1387 2486 naturarum

174 2550 181 2573 .
274 2501 548 2568 sublimitatibus.
604 2503 681 2566 Hoc
702 2517 813 2568 nutem
837 2503 980 2569 dicimur
1001 2525 1072 2568 non
1095 2507 1187 2591 qnod
1207 2505 1277 2568 nlla
1299 2525 1386 2568 crer-

276 2601 351 2650 tura
381 2587 467 2654 ultra
501 2605 618 2650 omnen
650 2587 729 2650 theo
754 2585 871 2652 haniar
892 2581 1206 2673 poffit‘ascendere,
1242 2607 1390 2673 eumque

274 2673 333 2752 qui
344 2663 441 2763 solus
461 2669 561 2734 taber
581 2672 711 2733 immort
747 2673 885 2746 itatem,
909 2685 943 2734 ct
962 2671 1062 2735 lucem
1075 2673 1208 2736 habitat
1224 2667 1387 2763 inacceffi·

190 2835 202 2840 -
273 2755 510 2827 bilem-nulla
539 2751 745 2840 theophenia
776 2751 968 2838 interpofita
1001 2754 1186 2842 attingere,
1218 2755 1278 2820 led
1298 2755 1389 2841 quod

274 2837 557 2926 theophaniarum
587 2839 750 2924 quaedam
785 2852 897 2900 tantae
919 2835 1109 2902 altitudinie
1133 2840 1211 2904 lunt
1229 2853 1271 2902 ut
1291 2839 1390 2924 super
1422 2903 1423 2910 χ

248 2917 413 3004 'omnem‘
440 2919 805 3006 creaturamproxima
839 2925 912 2984 Deo
943 2921 1230 3008 contemplatione
1264 2921 1387 2986 intelli·

274 3019 397 3152 {antur
416 3004 571 3078 exaltari,
595 3025 634 3068 nc
654 3005 750 3068 velut
771 3002 1052 3089 theophaniarum
1076 3004 1305 3092 theophaniae
1325 3025 1389 3068 cre·

298 3104 402 3153 untur
430 3091 512 3154 effer
544 3091 636 3152 Deua
669 3086 760 3152 enim
783 3087 923 3151 omnino
946 3087 1031 3151 nulli
1053 3105 1224 3152 creaturae
1246 3088 1385 3152 vifibitis

139 3213 160 3256 g
261 3177 334 3258 'per
355 3173 496 3259 seipsum
520 3170 580 3234 cll:
602 3172 660 3236 led
681 3169 717 3235 in
739 3169 887 3234 nubibus
909 3170 1058 3235 theoriae
1080 3189 1114 3236 et
1135 3173 1273 3236 videtur
1288 3187 1326 3234 et
1344 3171 1387 3234 ri·

274 3255 425 3330 debitur,
449 3257 533 3320 sicut
558 3252 606 3318 eit
627 3253 819 3340 Apostolus:
841 3258 1023 3332 Rapiemrrr
1045 3259 1079 3318 in
1097 3257 1232 3322 nubibus
1255 3257 1386 3319 obuiam

274 3339 422 3428 christo,
450 3351 489 3402 rt
504 3334 561 3426 fic
577 3329 712 3426 semper
741 3359 811 3400 eum
844 3333 917 3432 ipso
939 3341 1065 3404 erimus.
1110 3343 1149 3404 ln
1172 3339 1388 3426 theophaniis

271 3437 384 3488 nutem
407 3420 476 3485 dixi
496 3419 686 3506 pluraliter,
724 3441 828 3506 quom
851 3441 915 3486 nec
936 3420 1181 3486 intellectuales
1205 3443 1272 3487 nec
1288 3423 1388 3486 ratio·

262 3506 363 3568 ¹naleo
385 3513 525 3568 naturae
547 3506 665 3568 eodem
686 3507 787 3568 modo
803 3504 977 3568 veritatem
994 3505 1385 3592 contemplaturaclnnt.

271 3587 329 3651 led
360 3585 546 3673 unicuique
578 3589 643 3652 hoc
667 3585 765 3660 dicit.
804 3589 845 3651 de
867 3585 1017 3674 angelica
1040 3603 1074 3652 et
1097 3593 1245 3654 hnmana
1268 3604 1388 3652 natura

270 3691 357 3756 quae
378 3667 642 3735 sublimiffimum
664 3669 889 3734 universitatis
909 3671 1066 3737 conditae
1085 3674 1198 3737 locum
1214 3671 1384 3744 obtinent,

271 3773 384 3818 earum
422 3755 607 3826 secundum
636 3775 697 3840 pro
710 3751 807 3817 iriam
838 3753 1026 3840 analogiam
1057 3755 1201 3820 altitudo
1235 3755 1386 3820 theoriae

270 3835 478 3902 distribuitur
510 3853 611 3922 atque
642 3777 813 3901 desinitur.
858 3837 1017 3901 Caeterae
1039 3860 1120 3902 vero
1141 3853 1283 3904 naturae
1304 3861 1385 3926 quae

238 3984 242 3990 ,
269 3918 339 4006 ipsu
372 3920 495 3984 veritae
516 3942 587 3984 non
610 3922 652 3984 ad
677 3921 709 3982 le
731 3933 865 3984 contem
892 3919 1153 3998 landom'fecit,
1187 3920 1245 3986 fea
1265 3936 1308 3986 ut
1328 3938 1385 4008 per

272 4023 326 4068 cao
355 4003 640 4089 contemplativae
661 4003 803 4068 virtutes
824 3943 929 4088 ipiirm
953 4004 1150 4081 laudarent,
1185 4002 1222 4068 in
1242 4002 1312 4068 luis
1335 4027 1382 4070 or·

270 4084 406 4151 (linibus
434 4102 468 4150 et
498 4087 626 4174 semper
657 4087 734 4150 lunt
769 4100 804 4150 et
826 4101 926 4150 erunt
947 4085 1103 4173 quielae,
1120 4089 1266 4174 ,abeqne
1286 4087 1382 4152 locali

269 4168 580 4258 circumscriptione
610 4185 643 4234 et
676 4168 852 4254 temporali
875 4167 1110 4256 mutabilitate.
1153 4167 1270 4236 Finito
1290 4193 1379 4237 orm·
