3038 4832
328 214 396 288 rto
502 278 511 288 .
656 215 712 286 De
730 213 912 289 tannae
930 212 1104 288 Natta-cs.
1187 251 1192 261 ‚

329 406 414 480 haec
433 411 610 468 coaeterna
630 399 694 466 elle
713 399 773 466 libi
794 399 956 476 arbitron
978 399 1239 469 Generationem
1260 395 1339 464 dico
1364 419 1457 462 ven·

329 483 383 560 bi,
411 497 446 548 et
473 482 678 550 creationem
707 483 861 550 omnium
880 483 917 549 in
939 487 1060 560 verbo,
1094 485 1226 548 nullum
1248 481 1378 570 quippe
1403 480 1448 545 in

309 571 405 632 .Deo
438 565 594 632 accidens
628 581 687 629 aut
707 569 906 654 temporales
925 583 1039 632 motus
1061 581 1120 630 aut
1140 566 1341 652 temporales
1362 583 1449 650 pro·

330 647 489 716 ceffiones
533 647 586 714 uis
608 648 768 714 existimat
787 667 889 715 recte.
933 653 1009 714 Hoc
1029 665 1141 713 autem
1162 651 1255 734 quod
1272 645 1447 735 posterius

329 734 475 821 positum
565 753 636 796 non
657 730 845 818 incongrue
865 731 1095 806 concellerim,
1117 734 1185 796 hoc
1207 731 1270 806 ett,
1292 733 1449 795 Genera·

329 815 461 882 tionem
489 813 584 878 verbi
618 837 637 878 a
670 817 795 891 Patre,
816 818 911 881 nullo
932 818 1038 884 modo.
1057 814 1262 879 creationem
1283 811 1450 878 omnium

330 897 369 964 in
387 900 491 963 verbo
513 911 648 984 epatre
668 897 897 984 temporaliter
912 899 1125 997 praecedere,
1145 897 1202 962 led
1224 912 1449 962 coaeternam

332 979 365 1048 ei
395 981 474 1046 ette=
508 1001 587 1046 narn
611 996 645 1044 et
663 981 729 1046 Pro
755 985 832 1046 heta
854 981 938 1046 dien
986 996 1089 1044 atrenr
1109 979 1281 1077 alloquiis,
1317 981 1450 1046 Omnia

241 1065 246 1102 ¹
332 1069 368 1130 in
380 1054 648 1163 sapientiafeei
680 1067 710 1128 ἰ.·
730 1006 825 1129 imni
847 1064 939 1128 enim
958 1005 1057 1128 later
1079 1078 1112 1126 et
1133 1061 1448 1148 saptentiamiuam

330 1163 468 1236 genuit,
504 1161 538 1210 et
569 1169 607 1210 rn
628 1147 699 1233 ipsa
721 1146 835 1212 omnia
855 1145 947 1212 fecit.
988 1149 1034 1213 Et
1056 1145 1135 1210 alibi
1157 1146 1248 1210 idem
1267 1146 1447 1231 Propheta

323 1253 374 1296 ex
418 1229 534 1310 erions
553 1229 658 1316 patris
678 1227 744 1306 ait,
777 1235 942 1296 eructavit
960 1252 1016 1296 cor
1036 1252 1138 1294 meum
1157 1229 1289 1294 verbum
1309 1227 1445 1304 bonum,

330 1253 450 1380 «italico
472 1335 532 1396 ego
554 1335 657 1395 opera
677 1337 749 1377 msa
770 1317 860 1396 regi:
888 1335 927 1380 sc
946 1314 970 1378 fi
991 1328 1104 1399 aperte
1126 1311 1252 1377 diceret
1276 1333 1317 1376 ex
1336 1310 1449 1375 secre-

228 1447 230 1454 t
333 1412 371 1463 to
400 1394 598 1460 substantiae
628 1417 723 1461 meae
738 1401 854 1462 ‘verbo
875 1395 913 1461 in
935 1417 975 1462 eo
996 1395 1155 1460 nascente
1177 1416 1278 1481 opera
1297 1415 1374 1460 mea
1397 1393 1449 1456 fs-

331 1479 386 1546 cio
408 1478 445 1544 in
468 1501 508 1544 eo
530 1501 616 1566 quae
638 1500 699 1566 ego
720 1477 771 1543 illi
791 1479 948 1566 regnanti
970 1481 1025 1544 do.
1068 1481 1162 1544 ldem
1183 1477 1306 1542 iterum
1328 1479 1371 1541 ad
1385 1498 1448 1561 pa·

330 1578 437 1638 trem,
470 1565 583 1627 Tecum
603 1565 801 1645 principium
824 1567 858 1626 in
879 1565 934 1627 die
953 1565 1093 1626 virtutis
1113 1577 1209 1626 tuest
1238 1581 1276 1624 ac
1296 1559 1320 1624 ir
1342 1557 1447 1624 dixis·

331 1646 400 1723 iet,
422 1660 536 1710 tecum
557 1645 685 1731 semper
707 1645 768 1720 ett,
794 1661 829 1710 et
849 1645 886 1710 in
907 1661 941 1710 te
961 1642 1168 1732 principium
1187 1641 1352 1716 omnium,
1373 1645 1449 1705 hoe

333 1728 394 1803 est,
424 1731 566 1792 verbnm
594 1745 703 1792 tuum.
748 1727 783 1794 Si
805 1751 884 1816 ergo
907 1729 1035 1814 semper
1054 1725 1263 1826 principium
1283 1725 1320 1790 in
1341 1725 1449 1788 Patre

327 1825 368 1874 <et
387 1831 466 1876 cum
488 1825 602 1896 patre,
625 1831 799 1896 nunquam
822 1825 892 1876 erat
912 1826 947 1874 et
965 1809 1173 1895 principium
1186 1830 1258 1873 non
1278 1822 1359 1881 erat,
1383 1808 1448 1872 sed

330 1893 462 1979 semper
481 1892 700 1980 principium.
741 1897 787 1957 Et
816 1913 917 1981 quare
938 1915 1010 1956 non
1032 1891 1157 1956 accidit
1180 1891 1211 1954 ei
1232 1887 1448 1976 principium

333 1977 416 2041 effe:
445 1997 621 2062 nunquam
651 1992 722 2042 erat
746 1977 815 2041 line
835 1977 887 2040 his
909 1996 1052 2061 quorum
1072 1973 1279 2060 principium
1303 1973 1355 2037 ett
1401 1980 1448 2036 In

332 2059 389 2122 die
408 2062 547 2122 virtutis
568 2073 667 2136 tuost
694 2065 737 2124 In
756 2061 828 2134 die,
848 2061 915 2124 hoc
934 2057 980 2132 ‚est
1000 2055 1036 2120 in
1057 2056 1181 2121 notitia
1202 2054 1446 2120 intellectualis

292 2177 294 2184 ·
334 2156 370 2204 et
395 2139 569 2204 rationalia
598 2156 769 2203 creaturae
798 2155 891 2218 ste,
922 2137 1148 2226 generationis
1179 2143 1328 2206 Virtutis
1348 2155 1441 2216 tuae,

332 2225 400 2288 hoc
422 2223 483 2297 est,
503 2219 686 2320 sapientiae
708 2238 805 2305 tuae3
829 2221 899 2286 dies
922 2222 1013 2286 enim
1032 2221 1168 2286 virtutis
1188 2221 1293 2308 patris
1314 2222 1351 2286 in
1373 2225 1445 2287 hoc

330 2307 409 2370 loco
437 2325 508 2368 non
536 2323 725 2402 incongrue
757 2303 959 2390 intelligitur
980 2302 1131 2391 cognitio
1154 2303 1334 2369 ineffabilis
1355 2305 1446 2370 nati·

331 2384 448 2452 vitatis
467 2384 536 2482 pei
555 2388 650 2450 verbs
672 2407 712 2450 ex
731 2389 805 2451 Deo
827 2388 935 2450 Patre.
980 2387 1154 2472 Quantum
1184 2390 1280 2451 datur
1299 2403 1445 2453 naturae

331 2467 441 2533 intelli
467 2489 522 2530 ere
543 2470 636 2552 quod
654 2467 787 2554 superat
807 2490 943 2533 omnem
963 2468 1192 2544 intellectum,
1215 2485 1250 2533 et
1270 2473 1313 2534 ad
1326 2471 1443 2535 lucem

332 2489 591 2614 inacceilibilem
620 2551 818 2614 conceditur
838 2551 979 2616 accellus
1001 2573 1062 2636 per
1084 2551 1341 2638 Theophaniae,
1372 2557 1444 2620 hoc

232 2705 240 2714 ,
335 2633 399 2708 est,
428 2631 559 2696 divinas
583 2631 830 2719 apparitiones,
866 2655 946 2720 quas
969 2633 1156 2720 Theologia
1176 2633 1269 2720 puris
1289 2635 1445 2701 intellec·

333 2715 425 2780 tibus
446 2713 588 2800 ingerit,
612 2731 646 2780 et
665 2715 829 2780 ineffabili
849 2719 970 2792 modo,
993 2715 1146 2804 nullique
1162 2715 1300 2804 cognito
1314 2717 1442 2806 infigit,

335 2814 376 2862 ut
405 2800 448 2863 de
476 2797 617 2862 omnino
642 2820 709 2896 per
736 2797 879 2883 seipsum
898 2798 1075 2884 incognito
1096 2799 1249 2864 habitum
1272 2805 1444 2887 quendam

333 2903 432 2944 verae
460 2879 669 2966 cognitioms
697 2881 940 3024 ingemetipste
968 2879 1163 2966 poffideant.
1205 2883 1317 2948 Virtus
1346 2885 1441 2950 enim

333 2962 438 3050 patris
460 2963 503 3025 est
522 2961 684 3048 sapientis
704 2977 761 3048 pat
781 2963 807 3026 's
827 2961 865 3026 in
887 2983 952 3046 qua
968 2959 1081 3031 omnia
1095 2963 1193 3029 fecitt
1216 2965 1272 3030 led
1288 2965 1345 3030 illa
1362 2989 1442 3066 cog·

331 3043 422 3110 nitio
445 3043 580 3109 divinae
601 3043 828 3133 generationis
851 3047 960 3108 adhuc
980 3043 1016 3108 in
1037 3037 1092 3110 nie
1114 3047 1158 3110 est
1178 3069 1238 3132 per
1255 3047 1376 3126 fidem,
1401 3073 1440 3116 tn

332 3128 462 3214 Angelo
483 3150 544 3213 per
564 3126 726 3214 speciem:
756 3125 860 3192 immo
884 3141 918 3190 et
940 3125 1060 3192 necin
1083 3151 1156 3205 me,
1186 3152 1251 3196 nec
1272 3131 1309 3196 in
1329 3135 1442 3234 Ange·

331 3212 367 3276 lo
390 3211 434 3274 eil
454 3231 514 3296 per
527 3209 690 3294 speciem3
716 3211 964 3275 Generationsm
980 3215 1064 3274 enim
1102 3215 1231 3297 'arquis
1249 3216 1441 3281 cannatae?

333 3293 448 3358 nullus
480 3291 606 3378 quippe
635 3292 829 3370 hominum,
862 3294 954 3356 nulla
975 3295 1067 3359 coele
1094 3319 1165 3361 mm
1188 3295 1351 3364 virtutum
1374 3301 1441 3368 Ge·¹

333 3373 547 3444 notationem
570 3373 667 3439 Verbi
689 3396 707 3440 a
727 3390 821 3460 patre
842 3375 948 3460 potest
967 3397 1185 3462 cognoscere
1212 3383 1359 3446 uomodo
1381 3385 1440 3448 vel

333 3455 441 3544 qualis
478 3456 539 3520 esta
576 3479 655 3522 nam
686 3475 787 3522 nemo
821 3456 920 3522 novit
946 3458 1123 3526 hominum
1155 3400 1211 3526 vel
1241 3465 1441 3549 angelorum

334 3537 418 3625 quid
439 3539 500 3615 est,
521 3539 576 3603 vel
590 3539 672 3686 ¹quis
693 3539 828 3686 genuit,
850 3543 904 3638 pel
926 3540 1000 3640 quis
1022 3544 1082 3622 ett,
1104 3547 1158 3609 vel
1180 3544 1263 3641 quid
1285 3547 1440 3644 est0quod

276 3675 279 3682 .
332 3620 488 3720 genitum
502 3621 570 3720 ‘elit
607 3627 648 3688 ed
668 3623 702 3688 so
718 3645 757 3690 us
777 3639 876 3688 novit
897 3627 979 3720 qnid
1000 3626 1136 3711 genuit,
1159 3649 1218 3714 qut
1238 3645 1376 3716 gennit,
1401 3647 1439 3698 et

334 3725 413 3790 quta
434 3719 587 3802 gemtum
606 3707 652 3772 est
671 3705 834 3792 quicquid
854 3722 1008 3794 gemtum
1029 3709 1089 3787 est,
1112 3725 1146 3775 et
1162 3708 1358 3798 ‘quigenuit
1372 3735 1437 3779 no·

332 3787 563 3886 vit-[erpsum
596 3804 631 3854 et
651 3787 736 3886 quid
756 3789 817 3863 eil,
848 3804 883 3852 et
903 3793 1072 3876 quomodo
1094 3810 1129 3858 et
1149 3791 1294 3882 qualiter
1337 3796 1438 3862 enuit

333 3874 497 4020 qipcsqtupl
518 3873 561 3937 de
579 3871 614 3936 ie
633 3887 770 4020 ginuiitl
791 3871 941 3938 similiter
953 3873 1115 3964 quicquid
1127 3875 1283 3976 genitum
1350 3901 1437 3978 'no-

331 3975 395 4132 tt
419 3975 571 4135 {iniit
590 3977 668 4105 tt
688 3961 1036 4138 {ntzttttlt
1056 3961 1260 4122 {iiiiii
1279 3979 1438 4113 ‘titt

333 4120 369 4208 tn
398 4141 491 4188 erum
517 4143 619 4204 nemo
648 4136 748 4204 nont
774 4137 904 4214 patrem
932 4121 1007 4216 nili¹
1065 4149 1123 4216 us,
1153 4143 1188 4198 et
1207 4123 1265 4198 cui
1313 4129 1432 4220 erbum
