3036 4862
511 265 620 338 laidet
640 265 806 350 ovum
852 341 855 350 ,
1131 259 1216 336 877

103 467 251 522 iuortctu
278 449 380 518 inesse
449 449 502 516 'tto
522 447 702 526 didicerat,
734 449 831 514 sensu
854 445 1001 519 iructuru
1022 447 1215 536 porrigente

104 536 176 604 cibi
203 533 369 624 primitiae
432 533 525 600 cient
547 533 810 600 convenientem
831 523 959 597 iructui
980 530 1085 598 vitant
1105 549 1215 598 muta·
1306 563 1309 568 ·

103 620 175 695 vit,
209 620 385 684 mortalem
411 615 573 684 videlicet
599 639 638 685 ac
658 617 807 684 fluxilem
827 635 889 702 per
909 635 1031 702 corpur
1052 614 1216 702 corrupti·

105 702 208 768 bile.”
249 700 383 767 Deinde
412 698 598 789 subjungit.
638 696 700 778 „si
731 699 847 847 iterpue
877 701 952 772 Deo
980 698 1087 787 magia
1115 719 1216 786 quani

106 786 270 852 conservo
290 783 400 850 sensui
419 781 597 860 videlicet,
622 787 772 859 credent,
808 802 890 870 iguo
910 781 1000 846 vitae
1013 797 1215 859 vesceretur,

106 891 179 935 uon
214 867 354 934 iorttffit
387 870 497 933 datam
530 869 716 954 deponeret
746 865 1050 940 immortalitatem,
1088 867 1217 952 semper

107 950 335 1020 coiiservata‘iu
357 950 618 1040 participatione
638 949 748 1026 vitae,
771 947 932 1038 quoniam
955 949 1065 1014 omnir
1085 949 1157 1014 vita
1175 969 1216 1022 ex

104 1032 763 1184 tetltststltttlsltltll
794 1030 1217 1182 militricis:
1322 1129 1327 1148 ·

107 1217 144 1266 et
162 1200 268 1266 vitatu
291 1204 349 1266 dat
367 1202 515 1275 inundo,
544 1199 628 1266 sieut
647 1139 756 1264 ipsum
778 1137 825 1264 de'
839 1197 884 1264 sei
911 1200 946 1264 lo
962 1199 1002 1266 in
1023 1197 1218 1288 Evangeliit

104 1305 178 1350 non
212 1287 357 1350 mendax
381 1282 619 1372 pronuntiavit
675 1285 823 1348 erbum.”
867 1221 945 1368 (suo
972 1284 1064 1350 vetti
1093 1284 1216 1348 nolent

105 1368 237 1454 primur
254 1369 380 1443 hoino,
402 1366 524 1466 rueritp
546 1365 661 1432 divina
680 1371 853 1466 projectut
873 1366 918 1430 eli
938 1365 1019 1466 vita,
1037 1366 1148 1468 'aliani'
1161 1385 1218 1452 vaf

17 1565 21 1577 -
104 1448 556 1620 tti‘tflltff‘iasstltit
574 1449 1218 1620 ‘stettitffitlzlilssffltlltl

108 1619 193 1682 dene
213 1616 498 1703 pulcritudinem,
519 1619 688 1684 veacendo
710 1636 846 1682 ornnem
866 1631 1021 1682 naturam
1038 1615 1141 1682 morti
1154 1631 1218 1680 tra·

108 1698 208 1765 didit.
250 1700 318 1764 Sed
338 1699 418 1788 quia
439 1700 594 1766 adversor
616 1722 673 1766 eor
694 1699 753 1787 qui
775 1699 895 1764 dicunt
914 1699 1089 1764 hominem
1108 1697 1145 1763 in
1160 1719 1218 1788 pa·

107 1781 218 1848 radiso
243 1797 321 1848 ante
341 1797 519 1870 peccttum
538 1781 654 1848 vixisse
670 1783 847 1870 temporali
861 1779 983 1870 spatio,
1004 1781 1091 1849 illud
1105 1797 1218 1847 auteur

109 1865 256 1952 spatium
282 1883 448 1954 quantum
476 1866 598 1944 suerit,
630 1865 791 1932 affirmare
811 1887 882 1932 nori
903 1867 1050 1943 audent,
1081 1887 1153 1932 non
1175 1863 1221 1930 eli

107 1948 210 2014 nostri
235 1951 397 2036 propositi
427 1971 445 2014 a
470 1969 540 2014 ere:
572 1971 610 2014 ea
639 1949 800 2036 siquidem
820 1949 1031 2014 solummodo
1054 1969 1140 2036 quae
1160 1967 1221 2012 no·

109 2031 162 2097 bit
177 2032 382 2098 ¹verisimilia
408 1971 588 2108 videntur,
631 2031 743 2097 dicere
773 2031 1044 2118 procuravimutt
1076 2031 1220 2096 alioruin

109 2135 191 2180 vero
219 2115 420 2180 sententiam
455 2115 599 2201 qualiter
628 2113 763 2202 sapiunt
791 2115 942 2178 refellere
968 2115 1026 2178 seu
1053 2115 1219 2200 spernere,

108 2199 167 2262 seu
189 2197 302 2263 falsam
324 2199 387 2264 elle
431 2197 649 2271 ronnntiare,
680 2200 722 2262 ad
743 2217 807 2261 nor
827 2197 922 2260 nullo
943 2199 1046 2262 modo
1061 2195 1221 2284 pertinet.

109 2285 162 2348 td
193 2281 295 2367 ipsiue
326 2221 466 2368 paradisi
499 2279 800 2347 considerationem
821 2283 1066 2346 tranreunduin
1088 2281 1150 2346 else
1170 2277 1221 2342 vi·

112 2369 187 2430 deo.
229 2369 273 2430 D.
297 2367 559 2430 Transeundum
581 2365 691 2450 plane.
721 2365 826 2427 Recte
847 2361 974 2450 quippe
993 2359 1221 2428 ratiocinandi

110 2448 167 2511 via
187 2451 333 2514 tenenda
355 2449 416 2512 ella
438 2463 477 2511 ut
498 2469 609 2534 neque
631 2445 668 2509 iii
691 2449 859 2510 dexteram
880 2467 991 2533 neque
1012 2445 1049 2510 iii
1065 2444 1222 2510 finistraui

113 2529 248 2596 deviare
274 2532 469 2604 videamur,
504 2533 570 2595 hoc
600 2530 644 2593 esi
671 2549 784 2626 neque
812 2528 865 2593 hia
895 2551 979 2616 quoa
1008 2529 1156 2594 summae
1182 2547 1222 2594 ac

111 2616 245 2680 sanctae
273 2613 482 2680 auctoritatis
514 2614 576 2676 esse
598 2613 775 2678 catholica
795 2610 903 2678 sanxit
922 2613 1085 2688 Ecclesia,
1116 2615 1222 2677 detra·

110 2701 251 2763 hamur:
282 2719 396 2795 neque
426 2717 482 2760 cot
511 2715 595 2782 quoe
626 2693 819 2780 simpliciter
844 2693 1041 2759 intellexiste
1062 2693 1223 2780 cognovi·

111 2799 207 2924 murt,
238 2801 400 2924 qupmaru
422 2777 521 2842 ¹intra
541 2775 747 2923 [sslatholicae
767 2775 849 2878 fidei
871 2775 1094 2923 sineteritptpm
1110 2775 1224 2922 ¹popri-

113 2883 264 2936 nenur,
326 2881 511 2926 ernamne.·
573 2881 633 2921 rrus
676 2881 704 2922 ιι
747 2881 886 2932 eemm,
907 2881 933 2924 u
968 2879 999 2922 ai
1088 2879 1108 2924 o
1136 2879 1155 2923 o

103 2941 171 3039 suo
194 2885 484 3037 sensupobundett
524 2879 683 3026 ιΝιιῐὶιιιᾳιιιιι
704 2881 840 3028 ‘ipuuippe
875 2941 1005 3006 sensum
1027 2879 1222 3028 apirobaii',

46 3053 67 3068 ”
115 3042 175 3094 ⁸¹²²
202 3047 319 3174 ‘imi‘
339 3045 424 3112 ‘¹¹²⁰'
445 3023 1051 3172 ‘2⁶:⁸5⁰‘‚t{²⁶⁰:l{¹t0t‘l⁵²”l¹¹:i
1080 3023 1223 3170 ”llll

112 3129 563 3182 veroenumreror,
774 3129 797 3168 u
893 3129 950 3170 mu
1062 3129 1137 3180 ,u
1211 3141 1224 3158 ·

113 3191 362 3284 perbilsimum,
396 3129 455 3254 siit
484 3205 573 3255 certe
601 3129 863 3255 continuorum.
907 3193 943 3254 lii
986 3187 1138 3254 ediamur
1162 3189 1224 3254 ite·

114 3299 182 3367 que
204 3291 323 3375 caute,
347 3273 541 3372 lipmiliten
569 3271 715 3336 modeste
736 3272 924 3338 sanctoruni
976 3286 1084 3338 atruiu
1104 3271 1142 3338 in
1164 3271 1224 3338 tali
1256 3305 1258 3312 ⁴

114 3357 355 3540 negpgioppesti
373 3357 715 3541 aieiiiissiitgeiittnua
736 3438 773 3536 ip
795 3453 915 3503 octavo
938 3433 1137 3534 Hexaerneri
1159 3435 1222 3535 sui,

116 3547 211 3673 tlt?
229 3521 1224 3700 till?tritt?atillitus‘tltlsstlltlt

117 3695 192 3757 una
220 3713 369 3766 eorurri,¹
390 3689 450 3776 qui
471 3689 708 3754 tantummodo
728 3687 945 3784 corporaliter
965 3686 1153 3772 paradisum
1174 3685 1226 3750 in·

117 3772 226 3860 telligi
246 3773 379 3837 volunt.
409 3769 483 3838 atii
504 3791 640 3846 eorum,
663 3770 722 3856 q'ui
744 3769 960 3857 spiritualiter
977 3784 1122 3836 tantuin.
1144 3771 1226 3834 Ter·

117 3857 167 3924 tia
189 3877 324 3931 eorum,
347 3854 406 3944 qui
426 3869 571 3942 utroquo
591 3855 694 3918 inodo
714 3853 902 3938 paradisum
927 3849 1123 3948 accipiunt,
1146 3852 1227 3917 iliae

118 3937 352 4028 corporaliter,
389 3938 469 4004 aliar
496 3953 609 4002 autent
638 3935 864 4022 spiritualiter.
905 3937 1058 4000 Breviter
1086 3953 1166 4022 ergo
1186 3949 1227 3998 ut

118 4023 251 4096 dicatu,
286 4021 419 4093 tertiam
447 4019 533 4087 milii
563 4005 678 4084 sateor'
699 4020 832 4105 placere
859 4017 1092 4088 terrentiano
1134 4021 1227 4082 ldeui

116 4109 156 4174 in
195 4117 314 4194 quarto
344 4103 474 4170 decimo
508 4106 550 4169 de
582 4101 731 4168 Ciuitate
758 4101 825 4167 Dei
850 4101 1032 4170 undeciiuo
1064 4099 1226 4184 capitulo.

121 4188 290 4270 „Vivebat
309 4184 446 4275 itaque,
469 4189 595 4273 r‘nqrar't,
615 4189 719 4254 horno
740 4185 925 4268 secundnm
946 4187 1058 4252 Deum
1077 4181 1115 4246 in
1134 4199 1226 4270 para·
