3048 4856
109 271 110 280 ¹
194 357 231 384 ,Ι
277 271 364 343 eoo-
592 269 649 341 oe
665 265 852 356 ‘aenan
871 267 1046 340 nanae.

279 467 419 558 propter
438 453 606 529 unitatem
627 470 785 532 naturae.
806 457 843 525 e't
864 452 928 520 alia
950 471 1036 541 quae
1057 471 1118 538 per
1139 447 1396 538 generationem
1452 535 1453 544 ἵ

278 563 317 618 an
337 540 506 608 mundum
526 538 691 618 veniunt,
727 540 784 607 sed
807 537 885 624 quia
907 557 975 602 una
998 537 1182 632 eademque
1202 555 1316 632 renam
1336 555 1399 630 ηρ·

281 639 357 694 tura
377 621 474 688 aliter
495 623 720 690 consideratur
740 622 778 690 in
800 620 998 688 aeternitate
1018 620 1113 682 verba
1134 616 1222 694 Dei,
1249 619 1345 680 aliter
1359 638 1400 678 na

281 706 529 794 temporalitate
560 705 733 774 constituti
765 704 898 772 mundi.
942 701 1039 768 Sicut
1059 721 1195 788 quoque
1216 699 1401 783 Dionysius

280 788 482 877 Areopagita
502 787 551 861 ¹in
589 789 740 876 capitulo
761 792 802 854 de
823 789 973 876 perfecto
996 801 1031 850 et
1051 805 1121 848 uno
1145 788 1219 848 Deo
1240 785 1398 870 loquena,

280 896 409 948 unum,
431 873 564 960 inquit,
590 873 732 948 dicitur,
756 871 835 960 quia
858 869 973 936 omnia
989 867 1221 932 universaliter
1240 867 1300 931 est:
1322 866 1401 930 nul·

227 1010 228 1022 ,
281 959 353 1022 lum
375 956 465 1020 enim
488 955 699 1021 existentium
721 957 764 1021 ell
785 977 856 1020 non
878 951 1084 1042 participant
1105 951 1217 1015 uotiua.
1251 953 1296 1013 Et
1314 971 1400 1034 pau·

228 1047 230 1052 '
280 1042 316 1110 lo
342 1040 435 1126 *pofi3
467 1043 582 1126 ltaque
613 1055 648 1106 et
676 1043 743 1105 hoe
772 1038 1067 1126 cognoscendum,
1102 1033 1181 1121 qaia
1211 1033 1401 1096 secundum

281 1147 389 1189 unum
419 1122 690 1220 uniuaeujurque
710 1123 919 1209 percogitate
944 1119 988 1182 est
1010 1116 1158 1204 speciae,
1193 1115 1292 1180 unire
1314 1113 1399 1212 plici·

281 1221 339 1272 tur
358 1205 476 1271 unita:
500 1222 534 1270 et
556 1229 710 1272 omnium
732 1206 775 1270 est
795 1227 904 1270 untun
926 1201 1113 1289 exemplar,
1134 1199 1398 1264 etfiintenmaa

214 1311 218 1316 ·
281 1312 407 1364 unum,
430 1311 542 1387 neque
565 1289 760 1354 univerfiraa
783 1309 895 1376 neque
916 1285 1009 1350 aliud
1032 1283 1169 1370 aliquod
1186 1281 1400 1347 existentium

284 1371 370 1470 “sti
392 1374 518 1438 Omma
539 1371 689 1438 enimin
711 1370 817 1457 seipso
838 1393 947 1434 unum
967 1366 1183 1432 unisormiter
1199 1363 1398 1512 praeambit,

282 1471 320 1525 et
341 1455 617 1542 circumprendit.
660 1455 722 1519 Hie
746 1465 847 1542 atque
868 1450 1064 1533 hujusmodi
1087 1471 1203 1536 exemp
1219 1471 1278 1524 1a‚-
1296 1463 1399 1546 atque

283 1539 482 1608 testimoniis
505 1538 543 1601 in
564 1561 673 1604 unum
695 1538 866 1611 collect-ia,
901 1533 1098 1622 apertissime
1122 1535 1220 1596 datur
1239 1531 1399 1629 intelligi,

284 1624 401 1688 omnia
429 1621 466 1686 in
499 1624 603 1687 verbo
633 1620 712 1684 Dei·
729 1641 801 1688 non
831 1621 939 1684 solum
960 1632 1266 1690 aeternamm
1287 1615 1400 1700 ipsum

282 1709 426 1769 verbum
459 1705 532 1768 elle.
577 1702 748 1788 Quoniam
777 1723 858 1767 vero
893 1717 927 1765 et
954 1700 1043 1765 sacta
1071 1699 1166 1764 stmul
1197 1696 1329 1773 omnia,
1365 1712 1401 1760 et

284 1802 421 1850 aeterna
443 1787 505 1848 else
526 1785 564 1845 in
585 1789 689 1846 verbo
711 1785 777 1846 Dei
798 1788 908 1846 sacrae
921 1781 1103 1866 scripturae
1120 1779 1317 1846 testimoniis
1329 1781 1401 1865 pla·

283 1865 416 1932 nillime
437 1868 638 1939 declaratum
672 1868 841 1930 Iohannes
862 1867 958 1928 Evan
984 1863 1089 1938 eliste.
1119 1863 1252 1941 omnia,
1273 1862 1396 1949 inquit,

283 1971 346 2038 per
365 1947 476 2046 ipsum
497 1951 585 2015 saeta
606 1948 702 2025 sant,
728 1962 762 2011 et
782 1949 851 2013 fine
872 1947 944 2034 ipsa
961 1888 1095 2010 sactum
1117 1947 1287 2022 estnihil,
1316 1966 1397 2010 ecce

285 2030 486 2118 apertissime
508 2031 594 2094 saeta
618 2031 679 2094 else
702 2031 816 2096 omnia
836 2030 873 2094 in
896 2031 999 2093 verbo
1023 2027 1116 2092 dicit.
1161 2030 1246 2106 Sed,
1275 2027 1398 2114 nequit

285 2115 470 2181 aestimaret
492 2115 580 2177 sacta
603 2114 665 2177 else
687 2114 896 2180 solummodo
912 2126 946 2176 et
961 2133 1033 2177 non
1056 2126 1208 2187 aeterna,
1231 2111 1398 2200 [equitum

310 2202 380 2264 uod
410 2197 538 2261 saetam
560 2197 604 2260 est
625 2195 662 2260 in
683 2195 779 2284 ipso,
812 2195 883 2260 vita
906 2211 995 2279 erat3
1023 2216 1062 2258 ao
1081 2194 1106 2258 fi
1128 2193 1275 2270 dixisset,
1306 2196 1399 2282 quod

285 2221 415 2346 sactum
446 2280 511 2355 est,
544 2280 611 2343 five
640 2279 677 2342 in
709 2279 954 2366 principalibus
981 2277 1101 2352 causae,
1139 2277 1262 2344 sivein
1285 2299 1399 2344 earum
1442 2283 1445 2293 ’

285 2363 482 2438 effectibus,
505 2361 541 2424 in
565 2359 638 2445 ipso
660 2365 781 2437 verbo,
800 2362 837 2426 in
860 2383 928 2448 quo
948 2359 1096 2425 rationes
1120 2360 1274 2426 omnium
1295 2377 1398 2426 aeter·

284 2467 351 2508 nae
372 2445 467 2518 lunt,
495 2442 567 2506 vita
589 2459 668 2507 erat.
711 2449 797 2508 Item
817 2443 1010 2531 Apostolua,
1040 2443 1077 2507 in
1100 2465 1167 2528 quo
1188 2459 1299 2508 ereata
1319 2445 1398 2510 sunt

287 2526 421 2602 omnia,
455 2547 540 2623 quae
561 2526 697 2590 suntin
720 2527 822 2593 coelia
844 2544 877 2591 et
899 2526 1042 2614 quaein
1064 2542 1169 2602 terra,
1202 2527 1267 2591 five
1289 2527 1398 2592 vifibi·

284 2608 332 2674 lia
360 2610 428 2673 five
456 2607 652 2684 invisibilia,
684 2609 751 2674 five
781 2609 895 2675 throni
929 2609 995 2672 five
1031 2609 1296 2685 dominationes,
1328 2613 1398 2676 five

284 2692 516 2790 principatur,
549 2692 616 2755 five
662 2693 830 2768 otestatea,
862 2691 977 2758 omnia
998 2713 1037 2756 ex
1059 2691 1130 2778 ipso
1154 2710 1266 2778 et-per
1286 2692 1397 2778 ipsum

286 2775 378 2836 etin
399 2775 472 2858 tpso
494 2790 604 2836 creata
640 2791 712 2837 unt.
765 2777 886 2841 Causae
909 2775 1001 2839 enim
1022 2791 1061 2836 ut
1082 2775 1130 2838 ait
1151 2779 1265 2840 beatus
1289 2776 1397 2840 Maxi·

284 2875 363 2920 mue
389 2877 505 2918 eorum
527 2856 721 2942 quaefacta
741 2857 819 2922 sunt
840 2858 995 2922 homines
1019 2873 1096 2920 ante
1114 2859 1222 2922 secula
1242 2861 1399 2945 praesub-

287 2937 414 3002 slitutaa
434 2940 612 3002 voluntate
631 2941 739 3014 bona,
762 2941 947 3005 secundum
969 2961 1032 3003 eas,
1049 2939 1212 3004 vifibilem
1234 2958 1269 3006 et
1286 2942 1397 3006 invifi·

284 3020 406 3094 bilem,
430 3037 464 3084 et
484 3044 556 3086 non
580 3019 771 3087 existentem
794 3023 960 3088 substituit
984 3023 1194 3098 Creaturamt
1216 3025 1347 3090 ratione
1361 3041 1396 3090 et

285 3101 449 3190 sapientia
478 3106 662 3168 secundum
696 3123 928 3193 opportunum
950 3121 1082 3193 tempus
1105 3123 1138 3170 et
1159 3106 1259 3181 fecit,
1296 3124 1329 3176 et
1349 3109 1395 3172 fa·

284 3186 351 3260 cit,
375 3202 515 3271 etquae
537 3187 882 3264 universalitatum,
906 3203 940 3252 et
961 3211 1046 3275 quae
1093 3211 1128 3252 er·
1143 3191 1188 3253 fin
1216 3192 1281 3256 ula.
1312 3191 1396 3256 Cau·

284 3269 354 3332 sam
385 3269 523 3355 quidem
554 3271 751 3356 angelorum
782 3267 896 3336 ereans
921 3213 1109 3358 produxiie
1131 3213 1298 3338 cresimus
1320 3296 1396 3340 cau·

287 3353 356 3416 sam
378 3351 645 3438 uniuscujusque
667 3355 912 3442 complentium
933 3359 1117 3430 mundum,
1141 3356 1199 3442 qui
1222 3357 1395 3443 supernos

222 3452 223 3455 ’
285 3435 329 3498 est
350 3433 559 3498 essentiarum
581 3451 616 3499 et
635 3435 812 3513 virtutum,
828 3437 993 3502 rationem
1003 3437 1393 3505 hominumetuniuacu·

191 3544 195 3553 s
283 3521 405 3614 jusque
426 3538 465 3580 ex
487 3521 560 3582 Deo
585 3519 648 3582 esse
670 3521 922 3607 accipientium.
965 3525 1004 3584 ln
1027 3521 1395 3608 seipsumomniare·

284 3601 497 3684 capitulana„
513 3604 579 3664 hoe
600 3602 661 3678 est,
680 3606 934 3680 'consummane,
957 3627 1017 3690 per
1032 3627 1133 3691 quem
1148 3608 1260 3670 etoile
1276 3623 1310 3670 et
1347 3629 1394 3672 er·

261 3703 441 3758 manere,
473 3705 512 3746 ex
534 3703 601 3771 quo
623 3707 708 3772 quae
730 3688 845 3774 genita
864 3689 961 3762 sant,
997 3705 1160 3775 quantum
1182 3689 1296 3776 genita
1316 3630 1396 3754 sient

282 3765 455 3830 manentia
487 3783 521 3830 et
539 3783 645 3832 mota
676 3769 882 3857 participant
913 3770 1100 3837 dominum.
1138 3771 1269 3838 'Omnia
1300 3771 1394 3840 enim

282 3847 488 3936 participant
515 3871 555 3913 eo
585 3857 677 3937 quod
710 3877 749 3918 ex
778 3857 841 3918 deo
863 3854 951 3918 facta
973 3855 1066 3931 sunt,
1097 3856 1397 3942 proportionaliter

283 3930 478 4008 dominum,
507 3933 574 3996 five
595 3957 656 4019 per
674 3935 904 4013 intellectum,
933 3938 1000 4000 five
1021 3938 1205 4015 rationem,
1236 3939 1304 4004 five
1324 3939 1396 4004 sen-

281 4016 375 4089 sum,
407 4015 475 4080 five
502 4031 634 4081 motum
662 4019 820 4095 vitalem,
854 4020 922 4086 five
951 4021 1153 4101 essentialem
1183 4025 1219 4087 et‘
1245 4021 1396 4090 habitam

281 4097 587 4196 opportunitatem,
617 4117 658 4166 ut
683 4126 807 4190 magno
837 4119 872 4168 et
903 4101 1033 4169 Divino
1052 4104 1293 4172 manifestatori
1313 4105 1396 4172 Dio·

280 4187 372 4264 nylro
394 4181 528 4248 videtur
550 4186 779 4276 Areopagitae.
819 4185 999 4254 Neminem
1022 4187 1137 4276 itaque
1160 4189 1311 4256 fidelium
1323 4189 1395 4277 pie·
