3048 4856
538 259 644 335 teter
658 259 823 336 uerum.
979 335 983 352 ,
1149 263 1233 334 aar

116 447 319 520 creaturae,
344 447 379 509 su
406 467 442 510 er
462 467 564 514 omne
584 452 677 538 quod
693 448 826 525 dieitur,
844 461 879 512 et
893 445 1107 536 intelligitur,
1129 449 1231 518 deum
1313 422 1315 434 Ι

114 532 285 602 exaltant,
308 471 402 593 nihil
417 531 664 632 eorum,·quaa
684 533 779 607 sunt,
803 547 838 596 et
853 553 938 619 quae
954 554 1026 599 non
1042 533 1130 610 sunt,
1153 555 1232 600 eum

118 614 184 678 esse
203 613 429 700 pronunciat:
453 615 496 678 esi
518 637 609 681 entm
630 616 813 682 maximum
836 618 877 681 de
898 619 962 681 hac
982 615 1115 682 ratione
1136 639 1231 706 argu·
1259 627 1262 640 '

111 714 289 772 mentum,
318 697 341 760 si
378 701 445 762 duo
475 703 638 785 quaedam
670 701 748 764 sunt
769 703 878 774 Deua,
910 715 944 763 et
965 700 1143 776 Creaturt,
1174 716 1233 766 aut
1335 777 1338 783 1

113 783 158 844 ab
181 803 251 845 uno
272 779 443 868 principio
466 783 561 858 sunt,
586 805 624 850 ae
645 805 706 870 per
726 787 793 848 hoc
811 785 960 863 ejusdem
976 799 1135 850 naturaet
1159 795 1243 850 uon¹

114 862 210 929 enim
234 887 273 928 ex
295 863 466 952 principio
487 889 558 930 uno
579 881 766 932 nascuntur
787 865 953 931 contraria
971 868 1157 933 seeundum
1174 887 1231 932 na·

113 963 245 1010 turam:
268 947 318 1010 sui
340 971 485 1034 namque
506 949 671 1037 Principii
693 965 847 1014 naturam
869 953 1058 1015 attrahunt:
1092 967 1151 1016 aut
1170 973 1232 1038 per

109 1033 147 1094 se
176 1034 244 1095 duo
273 1029 446 1118 Principia
474 1033 605 1098 sibimet
636 1035 713 1097 sunt
744 1033 889 1098 adversa.
935 1034 1023 1098 Nam
1052 1035 1137 1100 licut
1158 1034 1232 1100 sub·

108 1113 277 1178 stantialia
304 1135 374 1177 non
408 1116 484 1178 sunt
507 1119 595 1192 duo,
630 1117 833 1192 sedunum,
866 1118 1026 1182 stantem
1046 1119 1159 1194 Deua,
1197 1131 1243 1201 et⁴

111 1200 277 1264 Creatura
299 1219 368 1262 non
394 1199 470 1262 sunt
493 1203 579 1275 duo,
606 1201 661 1264 sed
682 1223 815 1274 unum,
830 1217 864 1265 et
885 1223 1010 1276 unum;
1034 1218 1092 1265 aut
1113 1221 1232 1287 aequa·

109 1281 158 1346 lia
182 1283 276 1357 sunt,
300 1297 334 1344 et
355 1283 486 1344 nullum
510 1306 549 1346 ex
571 1283 696 1359 alter03
720 1285 744 1348 st
764 1283 856 1347 enim
878 1287 964 1359 duo,
989 1305 1028 1348 ex
1049 1307 1120 1349 uno
1137 1281 1232 1348 nasci

110 1367 247 1430 necesse
276 1363 329 1426 esl.
373 1365 408 1427 Si
438 1382 549 1430 autem
578 1370 671 1430 Deus
695 1390 734 1430 ex
757 1369 870 1441 nullo,
906 1369 1067 1434 Creatura
1088 1389 1168 1432 vero
1191 1389 1236 1434 εκ

107 1452 214 1523 Deo;
256 1446 321 1512 erit
348 1469 453 1511 unum
483 1471 522 1513 ex
552 1451 672 1526 altero,
707 1471 777 1515 non
807 1443 889 1514 iero
920 1450 1088 1537 aequalia3
1122 1472 1231 1516 unum

110 1553 263 1617 namque
286 1533 325 1594 ab
349 1531 479 1618 aequali
501 1533 559 1597 fibi
580 1555 650 1598 uno
674 1554 744 1597 non
768 1532 940 1620 gignitur3
969 1549 1003 1596 at
1024 1534 1049 1598 st
1070 1534 1232 1598 Creatura

22 1685 27 1700 ,
110 1637 153 1680 ex
179 1617 252 1680 Deo
275 1612 357 1688 erit,
394 1614 457 1678 erit
479 1619 571 1680 Deua
594 1618 707 1692 causa,
743 1635 893 1680 creatura
914 1638 994 1680 vero
1018 1616 1174 1696 effectua;
1208 1616 1232 1679 fi

109 1714 227 1762 autem
257 1699 416 1764 creatura
444 1698 488 1761 est
520 1699 677 1773 effectus,
710 1720 780 1762 non
814 1701 910 1764 causa
942 1701 1050 1775 sactu
1082 1699 1232 1785 sequitur

111 1787 227 1846 Deum
249 1779 285 1842 in
307 1779 482 1843 effectibus
503 1783 571 1844 suia
594 1783 685 1854 fieri,
709 1803 779 1846 non
803 1783 894 1846 enim
914 1805 954 1846 ex
970 1785 1066 1846 causa
1082 1782 1118 1846 iu
1136 1781 1232 1845 effec-

111 1881 169 1929 tua
202 1865 277 1926 luoe
304 1861 475 1946 procedit,
508 1866 640 1958 quoda
663 1863 851 1926 suinatura
878 1865 1025 1930 alienum
1047 1865 1102 1940 stt,
1135 1863 1233 1950 siqui·

112 1952 194 2014 dem
214 1946 251 2008 in
275 1945 438 2017 calorem,
463 1960 496 2006 et
519 1941 554 2007 1'n
576 1945 706 2019 lucem,
730 1945 779 2008 nil
801 1946 912 2022 aliud,
935 1948 997 2011 nist
1021 1947 1091 2033 ipsa
1111 1947 1163 2012 'via
1183 1947 1232 2034 ig·

110 2053 179 2098 neu
213 2026 439 2113 erumpit;‚s1
473 2043 585 2090 autem
609 2028 682 2114 quia
707 2028 847 2104 dixerit,
885 2053 992 2093 unum
1014 2031 1151 2114 aequale
1171 2027 1232 2092 fibi

110 2135 222 2178 unum
247 2109 374 2198 gignit,
397 2133 476 2174 nam
499 2125 533 2172 et
553 2115 644 2173 Deus
665 2125 779 2207 pater,
803 2113 883 2174 dum
899 2111 1071 2186 sutanum,
1094 2111 1231 2207 aequale

110 2198 174 2264 libi
203 2217 332 2268 unum,
366 2195 478 2258 Deum
501 2192 609 2256 lilium
640 2192 774 2280 gignit,
809 2191 1048 2290 copnoacatse
1068 2192 1232 2258 nimirum

112 2301 237 2348 creare.
269 2279 405 2342 Summa
423 2275 585 2362 liquidem
604 2275 782 2362 sanctaque
796 2274 946 2340 'l'nnitae
963 2297 1033 2340 non
1051 2275 1096 2340 est
1110 2297 1229 2352 unum,

111 2381 147 2430 et
168 2385 296 2436 uuum,
328 2375 362 2424 et
389 2359 515 2430 tinum,
547 2359 603 2424 sed
632 2360 783 2444 simplex,
818 2375 852 2424 et
876 2357 1095 2424 individuum
1120 2381 1229 2424 unum

116 2449 153 2514 in
186 2447 293 2511 tribuo
314 2443 592 2529 inseparabilibus
615 2442 820 2518 substantiis,
854 2457 888 2506 et
909 2442 995 2506 illud
1016 2465 1125 2509 unum
1146 2443 1232 2508 mul·

112 2533 222 2620 tiplex
264 2529 368 2592 irtute
391 2529 456 2605 ell,
479 2535 549 2592 non
573 2549 732 2602 numero,
759 2541 794 2590 et
814 2545 884 2590 non
908 2525 1036 2612 aliquid
1050 2550 1158 2592 unum
1176 2527 1229 2604 ell,

114 2618 172 2681 sed
194 2610 444 2687 universaliter,
468 2627 502 2674 et
522 2609 657 2674 infinite
679 2632 806 2684 unum,
829 2625 864 2673 et
881 2610 980 2696 super
995 2631 1096 2674 omne
1110 2633 1229 2682 unum,

136 2701 209 2762 uod
231 2694 322 2769 dici,
345 2696 399 2758 vel
420 2693 565 2780 intelligi
587 2694 702 2780 potesl.
746 2695 814 2757 Sed
835 2709 952 2757 contra
971 2691 1046 2758 illoa
1070 2693 1128 2781 qui
1151 2693 1230 2757 talia

114 2723 160 2848 io
189 2779 361 2854 matinant,
382 2800 477 2842 nunc
497 2775 596 2841 nobie
618 2777 724 2840 sermo
746 2797 817 2839 non
840 2776 893 2852 eli,
914 2779 979 2840 hoe
1000 2793 1132 2840 tantum
1154 2798 1230 2862 pro·

114 2803 308 2954 posuimus,
338 2877 501 2948 quantum
531 2859 619 2924 vireo
649 2859 872 2945 suppetebant
899 2857 1114 2944 investigare,
1147 2857 1231 2945 quid

117 2971 159 3014 eo
188 2945 327 3012 nomine
355 2948 446 3030 quod
475 2944 519 3008 eli
549 2941 716 3018 nibilum,
749 2944 790 3005 de
812 2961 879 3028 quo
901 2945 994 3006 Deua
1016 2941 1164 3006 creditur
1185 2941 1231 3006 se·

117 3031 195 3098 cisse
221 3031 406 3104 nuendum,
442 3027 657 3115 significatur.
719 3018 881 3169 Quietpuia
916 3027 958 3088 de
991 3024 1230 3090 constitutione

116 3113 238 3182 mundi
259 3111 425 3176 rationem
446 3115 585 3176 reddere
607 3109 788 3184 desiderat,
826 3107 880 3170 uio
904 3107 1098 3193 sequacibus
1116 3107 1228 3196 eligat,

117 3197 201 3285 quid
234 3197 387 3260 suadeatt
420 3215 483 3259 nos
515 3209 627 3272 autem
657 3193 785 3258 noslrae
807 3189 1076 3256 ratiocinationis
1100 3190 1165 3255 iter
1184 3199 1239 3256 te·'

115 3301 273 3353 neamus,
313 3293 347 3343 et
378 3277 539 3364 quoniam
569 3279 815 3365 propemodum
837 3273 1011 3340 internos
1034 3275 1230 3340 conlectum

118 3366 160 3430 ess
189 3360 304 3428 omnia
332 3383 372 3424 ex
401 3365 498 3436 Deo,
534 3377 577 3430 et,
597 3365 707 3424 Deum
737 3359 773 3423 in
803 3357 962 3422 omnibus
990 3360 1068 3433 elle,
1102 3374 1136 3422 et
1156 3379 1228 3424 non

99 3447 255 3530 'aliupde
276 3443 337 3510 nist
360 3467 399 3508 ex
420 3443 493 3532 ipso
515 3445 602 3510 sacti
624 3445 712 3516 elle,
738 3465 841 3529 quum
865 3464 904 3506 ex
927 3441 939 3506 i
967 3442 1018 3520 so,
1043 3459 1077 3506 et
1096 3463 1158 3540 per
1180 3441 1229 3528 ip·

119 3533 209 3606 sum,
233 3513 323 3593 etin
346 3527 418 3614 ipso
441 3529 528 3592 faeta
549 3529 627 3590 sunt
648 3526 777 3601 omnia3
801 3545 926 3612 quomo
952 3521 1229 3612 oquadnpart'ita

119 3613 224 3679 totiua
245 3627 385 3676 naturae
407 3611 663 3678 discretioDeo
687 3609 888 3686 conveniat,
908 3611 1008 3695 plane
1029 3607 1230 3674 utbreviter

117 3695 336 3782 recapitulet,
358 3693 485 3782 flagito.

181 3795 231 3858 23.
267 3783 304 3844 ln
338 3775 625 3866 disputationibus
645 3797 723 3840 nam
746 3797 811 3850 ue,
847 3789 882 3838 et
901 3771 1044 3838 maxime
1067 3777 1109 3839 de
1129 3773 1229 3837 rebua

121 3861 271 3928 obteuriu
292 3863 438 3927 multum
460 3863 549 3924 valet
570 3797 887 3942 duouasoaloloote,
923 3861 990 3921 hoc
1011 3856 1072 3931 eli,
1104 3853 1229 3941 recapi-

122 3947 260 4022 tulati03
282 3945 429 4011 breviter
450 3943 558 4019 enim,
583 3961 763 4030 aperteque
783 3941 953 4030 praedicta
976 3940 1089 4005 omnia
1107 3941 1143 4004 in
1160 3960 1228 4003 rue-

119 4031 263 4096 moriam
290 4043 443 4104 revocat,
480 4027 673 4116 mentisque
704 4025 878 4092 obtutibus
906 4039 1030 4091 cuncta
1051 4045 1136 4124 quae
1156 4037 1229 4088 acta

121 4113 333 4192 sunt,s1mul
351 4112 523 4180 manifesta
546 4112 632 4177 sunt.
674 4111 724 4176 M.
746 4113 800 4174 De
819 4113 914 4185 Deo,
944 4125 986 4174 ut
1007 4128 1147 4199 opinor,
1177 4103 1228 4169 in·

121 4212 174 4265 ter
204 4215 270 4265 not
296 4211 521 4274 convenerat,
561 4197 652 4286 quod
684 4193 791 4262 totiut
818 4190 1043 4260 univerfitatie
1070 4186 1229 4257 conditae
