3038 4832
466 231 573 328 ute}
592 251 791 336 oramate
1113 251 1187 326 137

92 443 141 532 qlii
160 441 311 542 operatio
331 439 473 520 dicitur,
499 435 707 508 'sufficienter
729 431 875 521 suasum,
904 437 944 514 u't
966 437 1099 530 opirlor.
1142 441 1184 518 ll.

89 525 294 594 Lucidilliirte
310 524 616 612 acmultipliciter.
743 524 748 554 ¹
923 535 925 556 ³
960 584 963 592 ,
1065 537 1069 556 ⁸

143 621 190 693 aq.
212 613 262 675 M.
284 611 419 675 ltituere
438 609 573 697 itaque,
597 606 736 696 acieque
756 607 900 684 mentis,
929 621 1001 671 tota
1024 604 1187 694 ambigui·

92 693 156 758 tatis
181 692 327 794 ealigine
350 691 503 780 depulsa,
525 713 578 774 ,co
629 709 723 770 osce,
754 713 854 790 quarn
876 692 981 767 clare,
1013 711 1111 778 quam
1135 711 1187 753 ex·

109 779 180 842 relle
209 777 346 843 divinae
374 774 537 842 bonitatis
583 775 788 840 ubstantialis
818 773 951 839 trinitas
978 773 1014 837 in
1037 773 1187 842 motibus

91 802 244 928 luminae
266 859 398 926 animae
416 857 511 936 [reete
532 881 588 924 eoa
609 859 823 924 intuentibus
846 857 987 935 arri-det,
1018 857 1117 956 seque
1137 857 1188 946 ip·

93 945 148 1009 satu
173 943 229 1032 pie
254 944 499 1034 'quaerentibus
521 943 573 1019 se,
588 943 711 1006 ¹veluti
731 942 768 1006 in
791 945 937 1040 quodam
958 963 1019 1030 pro
1043 961 1096 1006 no
1118 941 1189 1028 spe·

92 1030 155 1092 culo
176 1027 424 1116 ad·imaginem
447 1029 539 1094 suam
561 1027 650 1090 facto
671 1025 898 1113 limpidissime
918 965 1123 1100 maniidslau
1154 1041 1188 1090 et

91 1133 156 1176 eum
176 1113 214 1176 sit
235 1115 277 1178 ab
301 1112 395 1178 omni
417 1126 566 1178 creatura
585 1125 731 1186 remota,
756 1108 849 1174 omni
875 1131 918 1173 ue
932 1108 1123 1173 intellectui
1135 1107 1188 1173 in·

92 1195 232 1282 cognita,
254 1201 317 1284 per
337 1194 520 1282 imaginem
542 1195 633 1258 suain
656 1209 688 1257 et
709 1131 962 1260 similitudinem
983 1191 1091 1257 veluti
1112 1213 1189 1280 cog·
1253 1250 1256 1256 .

93 1278 182 1343 n‘itam
204 1296 238 1344 et
261 1275 596 1366 comprehensibilem
617 1275 906 1352 intellectualibus·
926 1275 1050 1350 oculis,
1074 1297 1113 1341 ac
1132 1293 1190 1341 νεὸ

91 1361 143 1426 luti
160 1363 369 1450 praesentem
391 1361 435 1426 sei
448 1429 449 1434 γ
463 1362 529 1424 sam
551 1359 738 1448 depromit,
758 1363 847 1425 ultro
871 1381 916 1424 ue
936 1359 1127 1446 specillam,
1148 1359 1188 1425 itt

93 1467 145 1530 qua
170 1447 318 1522 rehicet,
349 1385 540 1532 peridem,
559 1459 600 1512 ut
625 1443 662 1507 in
691 1467 728 1510 ea
750 1444 828 1509 cla*
904 1445 1191 1530 cresplendescat

92 1551 148 1592 una
175 1528 367 1594 effentialis'
384 1528 519 1592 bonitas
538 1527 575 1592 iti
599 1527 709 1592 tribue
727 1527 935 1604 substantiis,
969 1549 1053 1615 quae
1074 1525 1189 1612 unitas

93 1627 120 1674 et
137 1611 261 1677 trinitas
285 1611 323 1675 in
346 1611 450 1698 seipsa
496 1633 532 1676 er
552 1611 690 1698 seipsam
714 1634 784 1676 non
803 1633 843 1699 ap
871 1627 995 1686 areret,
1019 1609 1097 1697 quia
1119 1631 1189 1675 oiri·

92 1716 156 1758 rietn
181 1696 397 1760 intellectum
429 1633 548 1782 edilgit
579 1693 700 1759 eximia
726 1697 803 1760 suae
825 1633 985 1761 c'lltrit‘atis
1006 1693 1187 1770 infinitate,

93 1776 142 1840 nisi
159 1777 191 1842 in
211 1779 269 1842 sua
296 1775 446 1864 imagine
466 1776 602 1864 vestigia
627 1779 834 1876 cognitionis
855 1779 933 1842 suae
957 1777 1187 1865 imprimeret;

91 1859 221 1926 Patrissl
247 1859 425 1926 eidemin
448 1859 579 1935 animo,
610 1861 690 1926 Filii
711 1863 747 1928 in
768 1862 920 1937 ratione,
949 1862 1064 1926 Sancti
1086 1861 1190 1952 spiri:

95 1957 137 2008 tri
161 1943 194 2008 iit
222 1881 325 2010 ienst't
346 1942 544 2032 apertissima
564 1944 707 2009 lucescit
728 1945 922 2011 similitudo.
966 1944 1051 2011 Nam
1074 1967 1189 2032 quem·

94 2029 270 2114 admodum‘
290 2027 399 2114 lilium
420 2043 523 2092 artem
547 2027 792 2114 omnipotentis
815 2027 962 2094 Artificis
983 2029 1188 2108 vocitamus,

93 2111 355 2186 necimmerito,
377 2135 481 2202 quum
502 2109 540 2174 in
563 2109 635 2197 ipso
658 2113 715 2175 sua
736 2112 863 2198 quippe
884 2111 1048 2198 sapientia
1061 2114 1190 2178 Artifex

94 2195 294 2282 omnipotens
322 2193 422 2260 Pater'
447 2195 518 2294 ipse
547 2194 660 2258 omnia
693 2215 914 2292 quaecunque
941 2193 1070 2269 voluit,
1107 2195 1191 2260 fecit
1238 2229 1242 2238 ·

93 2280 372 2366 aeternaliterque,
403 2295 437 2344 et
466 2278 790 2344 incommutabiliter
817 2276 977 2341 custodita
1009 2277 1056 2340 ita
1073 2279 1190 2344 etiam

93 2361 237 2428 humanus
260 2363 459 2431 intellectus
481 2364 709 2509 qpodcpnque
732 2361 774 2426 de
795 2364 884 2433 Deo,
910 2363 1018 2458 deque
1035 2361 1189 2427 omnium

92 2465 183 2509 rerum
201 2443 386 2535 principiis
407 2445 482 2533 puri
523 2467 577 2509 me
597 2461 902 2532 incunctanterque
915 2443 1191 2544 percipit‚'veluti

93 2525 287 2616 inqaadam
316 2547 386 2594 arte
413 2529 487 2605 sua,
521 2527 558 2592 in
587 2530 719 2595 ratione
748 2528 843 2604 dico,
877 2527 1023 2592 mirabili
1046 2535 1208 2616 quadam·

97 2615 274 2706 operatione
304 2611 465 2678 scientiae
489 2628 578 2678 creat
598 2635 659 2700 per
680 2613 930 2700 cognitionem,
961 2610 1066 2698 inque
1088 2615 1189 2679 secre·

97 2693 203 2762 tillimia
223 2698 327 2798 ipsius
352 2695 478 2761 finibus
499 2697 655 2770 recondit
675 2719 735 2784 per
756 2694 962 2761 memoriam.
1008 2698 1053 2760 Ut
1077 2713 1191 2762 autern
1267 2714 1275 2735 ¹

97 2793 208 2860 patero
233 2785 304 2847 ifex
329 2779 482 2846 omnium
506 2779 723 2866 omnipotens
739 2799 961 2866 quaecunque
980 2778 1016 2843 in
1035 2790 1104 2844 arte
1119 2782 1188 2856 sua,

100 2879 168 2943 quae
193 2807 233 2928 el
262 2865 367 2952 ipsius
389 2861 553 2949 sapientia
575 2880 608 2927 et
629 2863 752 2936 virtus,
785 2863 822 2926 in
844 2864 952 2937 Verbo
977 2863 1036 2928 suo
1055 2863 1093 2928 in
1115 2863 1192 2928 uni·

100 2943 194 3084 genito
213 2949 284 3014 srlio
301 2948 396 3012 simul
413 2963 447 3009 et
467 2947 583 3021 semel,
604 2944 882 3032 primordialiter,
906 2945 1090 3023 causaliter,
1115 2946 1191 3012 uni·
1300 2947 1304 2954 '

112 3027 247 3106 otmiter,
271 3027 507 3094 universaliter
529 3027 685 3093 condidit
705 3049 766 3114 per
787 3027 950 3125 Spiritum
972 3031 1133 3095 Sanctum
1150 3053 1191 3096 ex

101 3107 126 3170 se
149 3109 276 3200 filioque
300 3114 564 3202 procedentem,
596 3111 632 3175 in
654 3109 924 3198 primordialium
947 3113 1118 3178 causarum
1140 3113 1189 3178 in·

99 3198 301 3262 numerabiles
330 3195 469 3259 effectus
500 3193 640 3270 dividit,
673 3193 797 3259 sivein
820 3194 971 3260 essentias
994 3195 1192 3284 intelligibi·
1272 3210 1276 3230 ¹

99 3271 136 3336 les
160 3279 427 3376 differentiasque
456 3299 593 3342 omnem
623 3280 753 3343 sensum
776 3297 975 3374 corporeum
997 3281 1192 3366 superantes

101 3361 260 3440 manarint,
281 3364 350 3426 five
372 3384 409 3427 in
434 3365 535 3440 hujus
556 3362 677 3426 mundi
700 3361 859 3424 sensibilis
880 3361 1012 3450 varium
1029 3363 1127 3427 multi
1153 3363 1192 3428 li-

102 3458 217 3530 cetnque
255 3460 415 3512 ornatum
456 3447 610 3510 locorum
641 3461 708 3509 tem
736 3463 899 3531 ortamque
931 3388 1193 3513 discretioniius

101 3524 270 3594 variabilem
291 3526 533 3616 profluxerintt
565 3527 612 3592 ita
634 3469 845 3602 intellectus,
879 3532 946 3594 hoc
971 3530 1032 3605 est,
1065 3530 1191 3618 princi·

102 3607 168 3688 palis
187 3613 316 3677 animae
336 3627 449 3677 motus
472 3633 511 3676 ex
532 3611 801 3700 intelligibilium
821 3633 933 3678 rerum
948 3613 1095 3701 gnostica
1112 3637 1193 3680 con·

103 3695 299 3778 templatione
321 3695 503 3770 formatus,
528 3717 629 3761 omne
651 3699 879 3782 quodcunque
900 3696 937 3761 in
960 3713 1030 3761 arte
1050 3697 1193 3763 rationis

104 3789 175 3837 creat
195 3777 383 3866 et'reponit
402 3801 462 3868 per
483 3779 614 3844 sensum
637 3777 768 3844 animae
788 3778 1005 3855 interiorem,
1028 3781 1065 3845 in
1084 3783 1193 3870 singu·
1216 3789 1227 3812 f

103 3851 190 3948 {trum
207 3885 318 3928 rerum
338 3864 406 3928 five
428 3861 697 3950 intelligibilium
715 3863 781 3927 live
798 3863 1001 3930 sensibilium
1016 3865 1195 3932 discretam

103 3944 358 4036 tuconsalamque
380 3944 505 4012 dividit
525 3946 779 4034 cognitionem:
801 3948 916 4014 omnia
938 3947 1029 4034 enini
1045 3967 1132 4038 quae
1145 3949 1197 4013 in·

104 4021 235 4093 tellectus
256 4027 445 4096 iuratione
466 4029 701 4096 universaliter
723 4031 926 4108 considerat,
948 4031 1196 4120 particulariter

104 4120 154 4202 lgr
170 4108 299 4178 sensum
312 4113 350 4180 in
371 4135 488 4179 reruni
510 4113 665 4182 omnium
688 4113 847 4181 discretae
873 4115 1089 4202 cognitiones
1111 4113 1196 4180 diffi-

104 4201 315 4288 rationesque¹
330 4196 486 4286 partitur.
539 4197 641 4267 Vides
669 4196 784 4287 itaque
815 4215 946 4288 patrem
974 4198 1011 4266 in
1030 4199 1112 4268 lilio
1133 4199 1194 4264 suo
