2890 4820
352 433 510 522 Denique
539 436 564 502 li
587 431 645 500 Eri
668 399 732 498 eni
761 430 1012 522 pentheitmum
1045 427 1244 510 sectaretur,
1279 433 1411 500 docere

290 521 511 669 nonhplplgppp
526 531 894 668 iiiiauiacriimnium
915 597 1071 685 supere
1082 599 1174 664 lien
1185 597 1351 677 tialem,
1365 598 1411 682 ⁸²)

164 757 176 778 ⁴
289 707 355 752 nec
378 685 579 786 categoriam
602 684 757 750 effentiae
776 685 845 748 five
867 671 1004 758 οὖσίας,
1027 703 1093 748 nec
1113 697 1259 748 caeterea
1275 705 1412 752 novem

291 786 476 857 categoriae
497 791 533 834 an
556 773 667 834 Deum
689 767 779 854 poffe
800 767 928 832 cadere.
954 763 994 839 ³⁸)
1167 821 1170 829 .

353 873 385 918 a.
416 855 607 918 Humanam
636 852 846 916 voluntatem
879 849 942 914 effe
968 847 1107 912 liberam
1144 849 1186 912 ad
1207 847 1411 936 eligendum

291 937 346 1000 vel
374 939 504 1001 bonum
531 939 584 1001 vel
615 937 760 1009 malum,
796 949 830 998 et
860 953 965 1020 genna
993 935 1179 1002 humanum
1208 931 1245 996 in
1274 935 1410 1000 Adamo

289 1019 553 1104 praevaricatum
590 1009 759 1104 mortique
788 1015 974 1082 obnoxium
1004 1015 1149 1088 factum.
1202 1016 1238 1080 in
1271 1017 1408 1082 Christo

292 1117 327 1165 et
343 1123 403 1188 per
417 1102 583 1168 Christum
599 1104 760 1172 salvatum
777 1101 839 1165 effe
855 1116 889 1166 et
899 1099 989 1164 vitae
1000 1114 1152 1162 aeternae
1165 1098 1349 1164 redditum.
1362 1096 1408 1177 84)

350 1201 382 1264 3.
418 1186 616 1272 Superbiatn
638 1183 808 1260 Luciferi,
863 1181 899 1248 ui
923 1183 978 1246 [ua
999 1181 1125 1246 virtute
1146 1183 1239 1248 Dent
1262 1183 1325 1248 elie
1348 1205 1410 1248 cu·

288 1267 426 1354 plebat,
451 1270 679 1336 detestandum
701 1267 828 1332 crimen
840 1207 956 1330 inille.
1000 1265 1052 1330 cf.
1074 1264 1132 1330 lib.
1155 1267 1193 1332 V.

351 1361 384 1432 4.
420 1357 531 1417 Deum
554 1353 703 1426 efficere,
726 1367 766 1414 ut
788 1351 893 1415 multa
915 1363 1005 1413 extra
1027 1367 1243 1416 communem
1262 1363 1410 1414 naturae

290 1433 444 1501 ordinem
468 1436 644 1510 eveniant,
668 1455 736 1522 quo
760 1435 931 1505 ostendat,
955 1432 987 1494 se
1003 1431 1109 1496 solum
1126 1431 1188 1496 elle
1203 1431 1408 1509 Dominum,

290 1519 403 1665 {33⁰⁶
426 1518 729 1688 'illiniuiliii
743 1514 1408 1684 ‘sittlftll‘tli.lltillttff

366 1647 375 1665 ·
419 1649 440 1679 tt
583 1649 592 1678 a
738 1647 794 1676 ete
1015 1657 1018 1672 ι
1396 1647 1407 1674 e

289 1704 351 1748 cur
370 1719 408 1731 -
431 1708 483 1750 rea
505 1687 672 1754 naturales
693 1717 735 1734 -
759 1705 798 1748 ex
818 1681 1040 1746 invifibilibue
1063 1681 1166 1745 caulie
1188 1681 1225 1744 in
1249 1681 1284 1744 vi
1307 1681 1407 1746 semi-

290 1789 374 1831 num
395 1765 706 1836 semel'conllitutir
728 1787 798 1830 non
819 1766 933 1838 limul‚
958 1766 1013 1828 led
1034 1763 1194 1848 temporie
1216 1763 1405 1830 intervallis

291 1865 327 1913 et
346 1850 517 1926 locorum,
541 1851 578 1915 in
600 1852 723 1916 formae
746 1847 910 1912 leniibilea
924 1849 1058 1936 'debent
1078 1849 1278 1934 procedere,
1312 1850 1406 1933 quasr

288 1953 361 1998 non
384 1934 481 2000 aliter
499 1934 573 1999 fieri
594 1934 740 2022 pollent,
764 1933 788 1996 li
809 1929 946 1994 divinae
967 1928 1194 1994 voluntati
1216 1929 1311 1994 aliter
1326 1929 1403 1996 fieri

289 2017 479 2092 videretur,
503 2039 611 2104 quae
634 2017 757 2080 nulla
777 2015 876 2098 lege
897 2011 1225 2098 constringitur.
1255 2015 1340 2078 Nam
1365 2031 1404 2078 et

290 2099 388 2186 saepe
414 2117 568 2166 contra
599 2092 856 2164 consuetum
876 2111 1059 2160 naturae
1081 2095 1245 2162 cursum
1268 2099 1402 2162 multa

290 2183 400 2248 solent
420 2183 515 2257 fieri,
548 2199 586 2246 ut
606 2181 705 2248 nobie
728 2181 935 2253 ostendatur,
974 2181 1066 2264 quod
1088 2177 1203 2242 divina
1224 2179 1405 2277 providen-

289 2265 339 2330 tia
366 2287 437 2331 non
469 2287 560 2338 uno,
598 2266 653 2329 led
682 2261 865 2348 multiplici
891 2263 994 2328 modo
1018 2275 1118 2346 atque
1138 2261 1276 2328 infinito
1297 2265 1405 2350 potest

289 2348 406 2412 omnia
427 2347 683 2412 administrare?
727 2346 780 2410 cf.
802 2346 861 2410 lib.
883 2349 941 2408 111.
968 2367 1001 2429 p.
1025 2361 1098 2428 229.

352 2439 384 2508 5.
419 2429 605 2494 Notionem
627 2426 754 2493 claffice
776 2425 1006 2514 dogmaticam·
1021 2425 1176 2490 Ternarii
1199 2425 1303 2495 lancti
1323 2449 1397 2494 non

289 2511 449 2598 potuiffet
469 2511 627 2577 omnibns
649 2510 733 2576 locie
744 2509 890 2574 retinere
908 2525 998 2574 recte
1022 2531 1065 2574 ue
1078 2509 1253 2596 explicare.
1275 2513 1401 2577 Verum

289 2611 330 2658 ut
361 2597 450 2660 hanc
474 2617 545 2660 rem
574 2593 712 2660 uberius
743 2613 971 2679 exponamus,
1000 2531 1097 2658 imul
1129 2591 1336 2680 accingimur
1357 2601 1402 2660 ad

213 2745 218 2750 ,
290 2677 441 2754 tertiam,
466 2700 566 2764 quarn
587 2676 909 2764 supranotavimut‚
932 2676 1158 2756 objectionem
1176 2678 1400 2746 refutandam.

352 2763 404 2827 Ad
433 2765 490 2827 111.
535 2762 622 2826 Sane
648 2757 794 2846 Eriger'ta
823 2759 855 2822 S.
878 2757 1080 2824 Trinitatem
1101 2759 1137 2826 in
1160 2759 1399 2846 speculativam

289 2843 496 2932 theologiam
534 2841 725 2910 introduxit
753 2857 788 2906 et
819 2845 959 2906 eandem
994 2843 1178 2908 secundum
1213 2843 1400 2926 symbolum

288 2929 568 3002 mancianum,
592 2943 626 2992 et
645 2925 823 2992 notionem
848 2927 888 2990 ab
910 2924 1064 2990 universa
1083 2925 1217 2990 ecclelia
1230 2943 1400 3024 receptam

290 3032 351 3095 per
372 3010 669 3098 sextuplicem
690 3012 787 3074 analo
811 3008 877 3072 iam
901 3007 1090 3094 explicarit.
1135 3009 1226 3094 Quae
1247 3009 1398 3076 limtlitu·

290 3093 387 3160 dinen
415 3097 615 3182 plerumque
643 3093 744 3182 ipliue
779 3031 944 3178 fogmatie
981 3092 1092 3157 verbie
1112 3093 1276 3177 proponit
1297 3109 1329 3156 et
1348 3094 1402 3160 in·

290 3190 509 3263 terpretatur,
533 3183 650 3244 eadem
670 3177 820 3252 ratione,
842 3195 907 3261 qua
928 3177 962 3242 S.
975 3175 1225 3255 Bonarentura,
1248 3177 1282 3242 S.
1297 3178 1400 3272 liern-

322 3371 369 3439 82)
387 3371 428 3424 Cf.
445 3373 494 3430 lib.
512 3375 560 3426 lll.
596 3373 700 3439 „Nemo
725 3379 817 3428 tamen
842 3381 884 3427 eat
901 3375 947 3444 pie
965 3373 1132 3428 credentium
1150 3381 1179 3427 et
1197 3375 1336 3428 veritatem
1353 3378 1400 3430 in·

235 3441 239 3450 '
357 3441 560 3510 unigentium,
587 3445 634 3514 qui
652 3461 709 3495 non
727 3446 858 3496 continuo
877 3443 978 3514 abique
995 3444 1051 3496 ulla
1070 3444 1246 3496 cunctatione
1261 3447 1400 3510 exclamet,

357 3527 461 3563 cautam
487 3513 573 3564 totitu
590 3513 772 3565 universitatis
789 3514 962 3576 creatricem,
987 3514 1216 3582 aupematuraleat
1234 3529 1289 3566 etae
1307 3522 1334 3566 et
1353 3533 1401 3566 na·

354 3579 576 3650 pererrentialent
593 3589 623 3634 et
641 3597 719 3650 cupre
738 3597 844 3634 omnem
862 3585 962 3644 vitam,
987 3589 1016 3632 et
1033 3582 1192 3650 sapientiam
1211 3589 1240 3634 et
1261 3583 1397 3648 virtutem,

357 3655 387 3700 et
403 3665 483 3718 supra
500 3651 609 3714 omnia,
638 3667 706 3722 quae
725 3649 868 3715 (licuntur,
895 3649 1085 3732 intelliguntur
1102 3657 1132 3701 et
1149 3651 1223 3702 omui
1241 3665 1318 3702 reatu
1354 3667 1398 3702 er-

357 3718 511 3788 cipiuntur,
529 3718 592 3772 dum
609 3718 646 3771 tit
663 3717 758 3771 horum
778 3721 896 3773 omnium
914 3719 1077 3790 principium
1098 3720 1217 3783 causale,
1234 3727 1320 3771 ettae
1341 3723 1398 3773 inm

355 3785 473 3856 impleut
499 3787 640 3843 erteutiale
666 3795 695 3840 et
712 3789 773 3842 linit
791 3803 974 3845 contutument
992 3803 1153 3858 omnemque
1169 3796 1273 3841 motum
1290 3788 1397 3842 ttabili·

353 3861 418 3976 papst
433 3857 746 3977 pprlptumqulptpienm
763 3866 791 3912 et
808 3857 925 3910 ambitae
943 3858 1034 3910 omnia
1053 3873 1122 3928 quae
1139 3864 1203 3912 tunt
1220 3865 1249 3912 et
1262 3874 1329 3929 quae
1338 3876 1396 3914 uon

492 3943 587 3978 umrcrt
644 3942 656 3976 a
1171 3957 1177 3974 .

320 3993 368 4056 ξω
385 3990 440 4044 vid
466 3987 513 4045 lili.
532 3995 552 4046 1.
572 4003 600 4048 et
617 3993 665 4045 lib.
684 3995 716 4047 ΙΙ.
743 3994 826 4055 „Non
843 3997 915 4048 enim
934 3995 1006 4048 Dent
1024 4011 1108 4064 genna
1126 3993 1324 4046 eetcreaturaffl
1345 4001 1397 4050 etc.

320 4061 368 4126 34)
393 4059 431 4112 cf.
452 4061 500 4116 lib.
521 4063 553 4114 V.
572 4079 597 4132 p.
616 4063 675 4121 521.
709 4062 843 4126 „Videtur
860 4065 947 4118 eninr'’
966 4071 1017 4116 etc.
1053 4071 1083 4116 et
1119 4063 1204 4120 .5lt.
1234 4057 1395 4134 „Quamvis”

356 4137 400 4184 etc
402 4167 551 4194 .......
552 4133 661 4202 ψει-ω’
679 4139 731 4188 etc.
750 4141 778 4185 et
797 4133 844 4188 lib.
865 4135 911 4192 IV.
948 4133 1030 4192 ..no-
1059 4079 1165 4196 „Mpulta
1182 4133 1254 4186 euim
1272 4135 1393 4203 praemit,

354 4215 467 4269 quorum
486 4217 541 4254 non
560 4209 600 4254 eat
619 4202 710 4254 cauea''
728 4207 777 4256 etc.
796 4210 825 4255 et
842 4202 891 4256 lib.
936 4242 944 4258 .
962 4217 988 4273 p.
1007 4201 1067 4262 535.
1085 4201 1144 4260 540.
1163 4200 1222 4262 542
