2884 4820
439 273 728 354 laboraturus.
887 271 892 280 '
972 217 975 224 ·
1051 271 1220 398 ὄψ’

34 453 203 520 rectionis
219 453 359 542 praemii
380 455 562 524 reddendis
585 453 772 543 praemium
793 453 920 542 quippe
934 453 1004 528 esi,
1024 455 1063 518 in
1083 457 1129 522 sa·

34 559 85 603 cra
114 536 286 625 Scriptura
306 539 532 605 laborantium
578 559 637 602 ura
656 539 872 626 perfectaque
892 537 1126 624 intelligentia.

35 619 228 688 ODomine
247 622 338 698 Iesu,
375 624 507 688 nullum
535 562 627 686 airud
646 620 849 708 praemium,
883 623 1009 685 nullam
1031 620 1128 686 sliam

36 702 300 779 beatitudinem,
324 708 456 769 nullutn
490 705 582 770 aliud
608 704 769 790 gaudium
791 726 810 768 a
833 719 866 768 te
886 704 1035 790 polluto,
1067 703 1130 768 niu
1200 729 1202 734 ·

33 801 69 850 ut
87 789 128 852 ad
148 809 272 874 purum
293 791 416 874 absque
430 789 499 854 ullo
515 809 623 854 errore
638 787 764 852 fallacis
779 785 928 852 theoriae
943 789 1043 851 verba
1059 803 1128 861 tua,
1164 789 1168 798 '

34 891 113 954 quae
133 893 192 956 per
214 886 311 934 tuum
333 873 494 936 Sanctum
515 870 677 957 Spiritum
698 869 856 956 inspirata
879 870 977 944 sunt,
1007 867 1131 933 intelli·

55 974 114 1016 am.
155 955 249 1017 Haec
270 954 314 1016 ess
336 953 425 1018 enim
448 953 574 1019 summa
596 952 765 1032 [elicitatis
786 975 880 1018 meae
899 951 1043 1038 sinisque
1057 974 1130 1038 per·

34 973 146 1100 iectae'
166 1036 210 1099 est
232 1052 364 1100 contem
390 1037 545 1113 lationist
582 1058 685 1122 quum
707 1036 794 1101 nihil
814 1033 1134 1099 ultrarationabrlia'

35 1117 139 1182 anima
162 1119 264 1182 etiam
285 1059 453 1204 purissima
474 1118 645 1193 inueniet,
679 1119 757 1206 quia
778 1118 865 1184 nihil
886 1119 972 1182 ultra
995 1117 1067 1184 esta.
1090 1131 1130 1182 ut

35 1200 120 1264 enim
140 1223 211 1266 non
234 1201 314 1265 alibi
336 1202 447 1300 aptius
468 1201 651 1288 quaereris,
675 1225 774 1289 quam
787 1201 831 1266 in
846 1201 956 1266 verbis
973 1200 1060 1277 tuia;
1082 1197 1131 1264 ita

33 1303 98 1346 non
121 1283 200 1348 alibi
222 1283 332 1365 aptius
347 1285 537 1360 ,inuenirim
568 1307 667 1372 quam
691 1285 729 1348 in
753 1286 810 1351 eis.
854 1285 905 1349 sbi
926 1283 1052 1370 quippe
1066 1285 1131 1346 ·ha·

34 1364 133 1440 bitae,
158 1383 192 1431 et
212 1367 294 1431 illuc
314 1385 510 1452 quaerentes
533 1385 567 1432 et
587 1367 768 1454 diligentes
789 1383 823 1434 te
843 1368 1058 1432 isrtrodu'ciss.
1081 1364 1129 1431 ihi

34 1447 50 1510 s
68 1447 215 1528 irituales
237 1452 350 1536 epulas
373 1473 470 1516 verae
491 1449 841 1548 cognitioniseloctis
860 1451 924 1513 tuis
946 1469 1130 1536 praeparat,

30 1469 96 1594 iliis
123 1531 287 1597 transiens
317 1533 478 1598 ministras
509 1557 566 1597 ets.
609 1537 654 1597 Et
681 1533 755 1619 quis
794 1535 837 1598 esi
857 1534 934 1606 iste,
972 1531 1128 1604 Domine,

32 1613 184 1688 transitus
208 1631 304 1688 tuus,
326 1616 387 1679 nist
409 1639 468 1701 per
484 1615 636 1680 infinitos
654 1613 949 1702 cdntempl'ationis
966 1631 1042 1678 tuae
1061 1635 1130 1698 gra·

35 1696 92 1758 dus
114 1698 290 1762 ascensus?
323 1702 461 1786 Semper
482 1699 572 1764 enim
594 1699 821 1764 intellectibus
843 1697 1075 1785 quaerentium
1097 1711 1132 1759 et

33 1775 277 1846 invenientium
308 1796 341 1844 te
373 1782 549 1846 transitum
573 1782 664 1848 sacis.
708 1783 884 1867 Quaereris
907 1780 997 1846 enim
1019 1783 1058 1844 ab
1081 1777 1131 1844 eia

33 1859 171 1946 semper,
203 1879 237 1927 et
264 1864 392 1948 semper
421 1863 603 1937 inveniris,
642 1881 676 1928 et
704 1887 774 1929 non
796 1863 961 1929 inveniris
984 1865 1129 1959 semper:

31 1941 1132 2112 {tts¹¹³¹,⁵:ttt³t¹t¹¹2,stssstshfsstlttltessstsltt{stilti

32 2109 96 2172 tells
120 2071 251 2170 brutium
274 2122 327 2182 te;
351 2129 390 2172 eo
412 2111 514 2172 ruodo
537 2129 604 2205 spuo
629 2125 662 2172 te
682 2107 759 2172 finis
780 2108 937 2194 intelligi,
960 2130 1031 2172 non
1049 2107 1132 2194 quid

32 2210 81 2265 et,
99 2131 161 2254 ied
180 2189 262 2275 quid
283 2211 353 2254 non
376 2211 427 2263 es,
452 2207 486 2254 et
507 2213 584 2277 quta
609 2213 663 2266 es;
686 2212 756 2254 non
779 2191 942 2268 inveniris
964 2206 1075 2256 autem
1092 2189 1131 2254 in
1223 2235 1226 2242 -

32 2287 83 2336 tua
105 2273 233 2357 semper
255 2272 502 2346 essentialitate,
528 2295 593 2360 qua
615 2273 735 2338 transis
758 2290 792 2338 et
813 2295 973 2360 exuperas
995 2294 1131 2338 omnent

31 2353 236 2420 intellectum
266 2358 436 2420 volentem
467 2372 501 2420 et
522 2357 756 2421 ascendentem
778 2379 853 2422 com
879 2359 1063 2438 rehendere
1087 2370 1130 2422 te.

31 2437 191 2502 Ministras
218 2437 322 2523 igitur
344 2439 410 2505 tuis
433 2439 650 2534 ppaesentiam
673 2455 764 2503 tuam
797 2381 960 2504 insisbili
987 2441 1133 2524 quodam

31 2525 127 2584 modo
149 2522 370 2668 apparitionis
395 2538 494 2600 tuae3
530 2523 649 2602 transis
671 2525 711 2586 ab
735 2521 782 2586 eis
803 2521 1133 2608 incomprehensibili

33 2603 181 2666 excelfitu
206 2604 263 2666 ine
294 2621 328 2666 et
357 2603 711 2668 intinitateessentiae
733 2620 820 2668 tuae.
865 2605 996 2688 Quaeso
1019 2605 1133 2690 itaque
1189 2681 1192 2691 1

34 2687 71 2748 ad
100 2685 249 2771 specialia
271 2688 397 2749 reditus
420 2687 718 2768 considerationem
740 2687 941 2758 accelerare,
974 2685 1070 2750 utin
1095 2707 1133 2749 ea

32 2768 153 2832 nostrae
187 2767 425 2864 disputationis
459 2767 600 2832 limitem
631 2767 879 2832 constituamus.
931 2767 1133 2838 Non,enim

34 2849 157 2915 diutius
180 2851 224 2914 en
246 2853 493 2914 immorandum
515 2849 551 2913 in
573 2849 646 2924 his,
681 2871 766 2936 quae
787 2849 1132 2936 multipliciteraper·

33 2931 121 2996 tionis
149 2932 368 3020 persuationis
401 2932 505 3018 gratia
532 2932 674 3018 repetita
696 2934 804 3007 sunt;›
825 2955 869 2996 rte
890 2934 977 2996 forte
998 2934 1074 3018 plue
1096 2933 1134 2996 in

34 3015 155 3091 verbis,
179 3038 278 3104 quam
301 3015 527 3080 intellectibus
548 3015 687 3080 nostram
706 3014 969 3099 disputationem
985 3015 1133 3100 implesse

33 3097 211 3164 videamur.
256 3103 303 3164 tt.
326 3097 448 3162 Totius
468 3097 676 3162 rationabilis
698 3113 884 3172 creaturae,
907 3099 1026 3182 quaes
1049 3097 1132 3164 ecia·

35 3177 105 3244 liter
124 3181 159 3246 in
181 3183 321 3246 homine
343 3197 451 3245 creata
473 3180 533 3254 est,
557 3197 591 3244 et
611 3179 666 3244 cui
684 3177 879 3244 naturaliter
898 3179 1011 3247 inette
1039 3195 1133 3246 ectus

34 3263 248 3330 beatitudinis
278 3279 311 3328 et
331 3263 537 3350 cognitionis
559 3261 678 3326 summi
700 3259 783 3326 boni
806 3263 967 3340 facultas,
1001 3266 1068 3328 hoc
1089 3261 1133 3328 est

36 3347 254 3416 excelsissimae
274 3345 453 3418 trinitatis,
477 3369 515 3409 ex
538 3367 602 3430 qua
623 3359 737 3408 manat
759 3347 1025 3418 omnebonum,
1061 3344 1133 3431 ipse

35 3427 195 3495 Dominus
226 3429 262 3492 in
294 3428 478 3514 Evangelio
501 3433 616 3493 decern
637 3425 825 3512 virginibus
847 3424 1032 3492 assimilavit
1054 3427 1130 3492 uni·

36 3513 231 3587 rerfitatemt
255 3531 339 3598 quae
360 3509 562 3596 accipientes
583 3513 751 3596 lampadae
773 3510 862 3585 suas,
885 3512 951 3582 hoc
973 3508 1016 3574 est
1039 3523 1133 3597 espa·

36 3591 164 3661 citatem
198 3610 361 3660 aeternae
390 3593 476 3657 lucia
506 3597 778 3680 cognoscendae,
818 3592 970 3656 exierunt
998 3592 1133 3658 obviam

35 3674 147 3759 sponso
168 3697 203 3744 et
223 3677 377 3764 sponsae,
401 3676 529 3742 Chrislo
545 3676 704 3742 videlicet
724 3691 758 3738 et
768 3674 941 3749 Ecclesiae,
964 3696 1049 3760 quae
1067 3681 1134 3752 iam

35 3753 68 3820 in
89 3764 187 3827 coelo
205 3761 266 3835 est,
288 3760 411 3845 partim
432 3759 469 3829 in
490 3759 611 3824 sanctis
634 3757 787 3844 angelis,
814 3757 936 3844 partim
957 3755 993 3822 in
1015 3779 1133 3846 purga·

36 3838 156 3908 tiffimis
176 3842 355 3908 hominum
377 3841 569 3917 animabus,
590 3841 627 3908 in
651 3841 772 3927 quibus
794 3839 962 3927 primitiae
982 3859 1132 3916 naturae,

37 3943 115 4005 quae
136 3929 245 3991 adbuc
265 3927 301 3991 in
323 3925 519 4012 captivitate
541 3926 600 4001 est,
622 3923 771 3990 mortalis
790 3924 879 3990 vitae
897 3919 1132 4010 frigiliumque

38 4012 256 4080 membrorum
277 4009 422 4076 coelestis
443 4008 569 4094 patriae
586 4007 717 4074 civibus
735 4005 935 4072 inseruntur.
958 4011 1132 4104 Sedquare

40 4089 195 4158 obviams
242 4090 297 4156 uia
316 4091 476 4159 videlicet
495 4095 663 4158 redemtor
685 4105 719 4154 et
739 4090 875 4175 sponsus
893 4089 1064 4156 rationalia
1077 4109 1134 4152 na·

42 4183 129 4239 turae
148 4175 205 4241 ine
231 4174 311 4240 abili
333 4173 531 4244 clementiae
551 4175 628 4240 suae
649 4173 926 4244 condescensione
947 4189 981 4238 et
1002 4169 1133 4254 solertia
