3048 4856
534 256 641 328 nter
665 254 819 360 unum.
1154 255 1233 329 eae

114 435 245 504 dietate
274 435 488 524 interpofite,
522 441 566 505 ad
584 443 811 528 perpetranda
831 439 1001 525 mysteria,
1036 461 1107 508 non
1151 442 1232 508 ban·

109 521 246 596 tassice,
281 521 339 586 fed
362 521 546 599 veraciter,
580 541 829 614 eppamerunt,
847 521 948 612 ·quid
978 543 1042 590 noe
1073 524 1233 624 proibet

111 603 177 670 teli
193 603 360 670 ¹mir'a‘culo
379 610 621 674 mana-tectos
638 613 680 675 ad
693 610 811 675 aitiom
824 607 961 674 divinae
972 607 1109 674 virtutae
1123 609 1232 674 ascen·

113 693 213 755 dere:
253 703 293 754 ut
320 689 552 778 intelligamus
583 713 673 769 eam,
705 709 740 758 et
771 693 869 780 supra
890 691 1006 758 omnia
1027 693 1109 768 eise,
1140 707 1175 756 et
1194 690 1232 757 in

111 771 274 839 omnibus
307 772 382 837 fieri
403 788 475 840 non
498 774 636 841 aliunde
657 777 882 876 accipientem
902 791 943 840 ut
959 773 1111 842 diximus
1129 791 1233 841 mete·
1352 771 1357 786 ’

109 857 219 932 niem,
254 871 315 920 aut
335 857 377 920 dc
397 857 509 925 nihilo
531 858 713 925 facientem
734 883 771 924 ιιι
794 881 860 947 qua
881 859 938 936 fit,
971 873 1005 924 et
1025 857 1232 924 manifestam

110 941 148 1005 sc
177 938 275 1004 iacit:
305 938 393 1005 Satis
423 943 466 1008 de
486 941 616 1007 virtute
636 941 804 1009 seminum
826 943 1035 1030 ditputatum
1057 943 1118 1018 ett,
1145 964 1232 1030 quae

111 1027 196 1089 dum
217 1045 279 1110 per
300 1023 447 1119 seipsam,
460 1024 657 1103 invifibilie,
690 1042 727 1092 et
747 1025 1095 1114 incomprehensibilis
1117 1026 1172 1101 stt,
1193 1025 1232 1091 in

112 1105 268 1172 infinitae
292 1107 434 1206 formae,
463 1125 498 1172 et
517 1109 644 1256 speclea
666 1101 806 1198 seipsam
828 1109 1233 1216 multiplicanienfibuo-

110 1213 181 1279 ‘¹¹¹⁰
200 1193 1233 1343 ‘witdediti§tttfflt‘tttttttttttitt

108 1289 295 1434 ppiaetpltpp,
311 1296 597 1444 ·eest,.gprivittioni
619 1360 725 1426 totiue
745 1357 974 1437 habitudinis,
1008 1376 1109 1448 atque
1129 1353 1233 1424 'effen-

110 1440 200 1515 tiae,
232 1444 275 1506 de
305 1460 375 1528 qno
405 1443 522 1508 omnia
550 1459 717 1528 putentur
745 1447 787 1508 ab
815 1444 869 1510 bie
890 1443 949 1530 qai
970 1443 1085 1508 minue
1107 1442 1233 1507 intelli-

110 1539 216 1672 pont,
239 1524 328 1588 facta
349 1523 465 1624 fuiiie,
488 1523 677 1593 nescientes
698 1525 783 1615 quid
804 1547 847 1594 eo
869 1526 1012 1593 nomine
1030 1523 1232 1613 iamafigni·

138 1622 194 1672 cat
215 1607 415 1695 Theologta.

173 1689 221 1754 M.
243 1689 352 1789 Miror
372 1695 557 1790 quomodo,
593 1713 659 1760 nae
678 1715 774 1760 nunc
795 1713 815 1759 a
836 1708 872 1759 te
896 1692 1093 1766 dictasunt,
1116 1711 1232 1780 quam·
1299 1699 1326 1746 ’ἰ
1351 1714 1356 1732 ·

110 1769 167 1837 vie
188 1766 304 1838 matu·
325 1793 442 1850 invia,
465 1791 501 1840 et
520 1779 563 1842 nb
610 1776 639 1842 ie
663 1775 724 1864 qui
743 1773 980 1864 Philosopbari
1000 1774 1162 1840 videntut
1181 1794 1232 1839 re·
1304 1831 1309 1842 ,

108 1871 224 1930 mota,
245 1853 413 1920 veriffima
434 1871 549 1922 temen
572 1859 636 1920 effe
656 1877 735 1921 veta
755 1861 943 1944 proclamat
960 1857 1068 1933 ratio,
1090 1871 1134 1921 =et
1153 1877 1233 1923 euc-

111 1937 233 2004 toritaa
254 1939 364 2003 [acrae
385 1938 580 2026 Scriptum
600 1938 638 2003 id
659 1938 770 2026 ipsum
793 1943 874 2006 dum
895 1939 1063 2006 intentius
1083 1941 1232 2005 conside

112 2037 210 2089 ratur
234 2021 369 2098 suadet,
404 2037 439 2086 et
458 2021 650 2110 praedicate
684 2021 770 2088 dicit
791 2023 884 2089 enim
905 2027 940 2088 in
957 2025 1127 2105 principio
1136 2017 1235 2114 fecit

110 2109 212 2172 Deus
239 2107 381 2178 coelum,
411 2119 447 2170 et
472 2119 615 2180 terram,
644 2107 713 2170 boc
741 2104 801 2181 est,
832 2109 926 2170 Dent
956 2107 1056 2170 Pater
1087 2105 1125 2170 in
1155 2111 1231 2174 Deo

112 2188 187 2256 iilio
217 2188 471 2254 univerfitatem
492 2187 599 2255 totiue
620 2201 792 2253 creaturae
812 2188 970 2263 vifibilia,
1001 2202 1036 2252 et
1055 2185 1233 2258 invisibilia

111 2271 289 2340 condidite
312 2287 347 2337 et
368 2275 462 2360 quod
482 2270 520 2338 in
541 2269 714 2360 principio
736 2273 796 2337 suo
818 2272 855 2336 in
877 2273 982 2336 verbo
1004 2270 1086 2348 suo,
1108 2269 1146 2336 in
1159 2271 1233 2340 filio

111 2359 173 2422 iuo
194 2355 400 2444 unigenito,
424 2371 522 2443 pater
543 2357 725 2430 conderet,
748 2359 841 2444 quod
855 2354 926 2443 ipse
945 2352 1036 2420 saliua
1053 2373 1126 2420 ιιοιι
1141 2356 1231 2432 effer,

112 2439 266 2527 alioquin
298 2461 370 2504 non
392 2437 430 2504 in
452 2439 526 2527 ipio
549 2441 730 2514 conderet,
763 2440 821 2504 sed
843 2441 957 2504 dextra
977 2435 1106 2523 ipsum,
1138 2443 1233 2527 quod

113 2521 254 2590 aliunde
274 2521 425 2622 accepit,
460 2537 520 2587 aut
538 2524 583 2589 de
604 2522 714 2588 nihilo
735 2521 837 2587 fecit=
866 2537 926 2588 aut
946 2525 1119 2608 quomodo
1140 2539 1234 2611 pate·

110 2623 225 2683 tetur,
256 2606 331 2672 fieri
360 2627 397 2670 ιιι
420 2605 454 2672 ie
474 2608 635 2683 verbum,
667 2608 760 2695 quod
779 2605 840 2671 fibi
860 2605 1139 2672 consubstantiale
1160 2629 1232 2674 non

114 2692 213 2766 ἄεις
242 2713 315 2756 ιιοιι
338 2689 431 2756 enim
451 2689 512 2754 lux
532 2690 611 2756 finit
630 2689 668 2754 in
691 2691 724 2754 ie
744 2693 916 2766 tenebrae,
950 2709 1017 2754 nec
1035 2688 1161 2755 veritae
1181 2713 1233 2756 re·

112 2773 202 2861 cipit
221 2772 259 2839 in
278 2775 316 2838 ie
333 2773 555 2862 figmentum
576 2791 648 2839 non
663 2788 777 2838 entem
791 2773 898 2860 potest
909 2773 973 2838 effe
986 2794 1116 2852 verum,
1139 2777 1234 2861 quod

113 2878 190 2924 non
209 2872 279 2922 erat
299 2859 634 2945 semperaetemumt
654 2873 831 2922 aeternum
847 2872 960 2921 autem
974 2877 1046 2921 non
1061 2856 1116 2934 eii,
1139 2861 1233 2944 quod

113 2963 159 3007 ex
188 2939 380 3027 privatione
412 2941 520 3007 totiue
541 2939 767 3017 aeternitatit,
803 2956 904 3027 atquc
927 2938 1083 3004 effentiae
1103 2941 1233 3008 factum

23 3014 28 3039 '
114 3023 179 3100 est,
210 3041 269 3090 ant
302 3023 386 3124 quid
414 3025 507 3090 aliud
537 3026 663 3091 faceret
690 3039 786 3110 pater
817 3022 855 3088 in
877 3023 935 3087 sua
955 3022 1140 3110 sapientia,
1169 3023 1249 3090 nisa,
1344 3073 1348 3089 ,

109 3108 124 3175 i
151 3109 220 3173 iam
242 3109 459 3194 sapientiam,
484 3108 533 3173 ait
554 3108 645 3174 enim
666 3109 856 3195 Propheta,
879 3109 991 3172 omnia
1008 3109 1043 3170 in
1060 3101 1234 3200 sapientia

102 3131 186 3284 feci
218 3195 242 3258 i.
284 3193 360 3257 Vim
389 3195 573 3258 verborum
602 3192 754 3270 intuere;
783 3211 865 3255 nam
896 3188 983 3277 quid
1003 3192 1094 3278 quali
1114 3190 1234 3258 inali-

138 3298 185 3343 no
209 3279 306 3352 loco,
337 3277 403 3341 seu·
417 3275 544 3363 spectio,
568 3277 739 3366 quoddam
761 3272 956 3340 aedificium
978 3273 1062 3339 fecit
1080 3279 1173 3340 Deue
1194 3276 1233 3343 in

114 3301 175 3426 ina
204 3360 238 3423 [a
262 3359 386 3434 ientie,
414 3381 487 3424 non
521 3375 562 3424 ut
589 3361 660 3448 ipsa
691 3357 949 3425 substantialiter
979 3358 1076 3424 fieret
1104 3359 1232 3438 omnia,

114 3445 175 3511 scd
204 3383 312 3508 [oium
342 3443 538 3509 contineret
567 3443 699 3522 omniu,
731 3459 766 3508 et
796 3441 887 3530 quati
907 3439 1001 3508 aliud
1020 3441 1058 3506 in
1080 3441 1233 3521 alio‚·in

115 3525 283 3615 sapientia
303 3527 426 3593 fierent
448 3527 584 3592 omniat
610 3547 681 3593 non
704 3528 748 3592 fic
768 3529 870 3592 docet
889 3525 994 3602 ratio,
1017 3526 1074 3591 sed
1095 3527 1140 3592 iic
1162 3549 1232 3594 om·
1365 3563 1367 3568 v

112 3612 174 3677 nia
195 3610 235 3674 in
257 3611 289 3674 [ι
314 3611 422 3678 ientia
442 3609 568 3687 fecisti,
599 3615 666 3678 hoc
688 3612 748 3688 cst,
783 3609 982 3760 sapientiam
1003 3623 1097 3676 tuam
1119 3612 1235 3678 omniu
1261 3635 1264 3646 ·

111 3694 232 3761 fecisti.
307 3717 361 3762 am
390 3709 425 3761 et
458 3697 519 3761 Sol
539 3693 599 3760 iste
618 3695 775 3772 visibilia,
833 3713 891 3758 um
911 3715 973 3782 per
995 3693 1140 3783 seipsum
1161 3697 1235 3772 um,

111 3781 192 3869 plex
216 3778 307 3867 ignit
328 3780 384 3856 fit,
406 3781 603 3868 nullamque
624 3779 903 3868 competitionem
925 3781 966 3843 ab
987 3777 1042 3844 hia
1063 3799 1152 3867 quae
1169 3779 1231 3846 fibi

111 3859 408 3930 consubstantielie
434 3885 508 3930 non
530 3865 609 3930 iunt
630 3864 795 3953 recipiate
827 3861 982 3929 omnium
1002 3865 1235 3950 tamenoienii·

110 3943 238 4016 biiium
258 3963 414 4014 naturam
435 3947 472 4014 in
495 3949 528 4014 ie
550 3949 721 4026 continet,
744 3964 779 4014 et
794 3947 1077 4035 comprehendit,
1104 3956 1175 4014 nob
1193 3963 1233 4014 ut

112 4032 223 4098 aliud
271 4048 362 4098 aeter
383 4033 417 4098 ie
438 4033 551 4122 ipsum
571 4032 608 4100 in
631 4034 666 4099 ic
686 4031 879 4110 contineatt
909 4031 1064 4102 omniunt
1084 4051 1233 4121 namque

110 4115 223 4184 vifibii
238 4139 298 4184 ιιιιι
319 4116 499 4184 substantie
521 4116 592 4186 ini
618 4118 653 4185 fo
674 4117 721 4184 eb
743 4131 871 4196 creata,
894 4137 966 4182 non
984 4112 1081 4182 enim
1104 4115 1231 4204 Corpo-
1409 4126 1412 4136 ⁴

111 4222 171 4282 ra,
192 4201 234 4270 in
251 4199 378 4291 quibua
394 4203 531 4294 demet,
554 4223 599 4272 ve
612 4200 665 4272 uti
685 4201 724 4270 ia
742 4199 906 4272 alimonia
926 4201 985 4268 in
1004 4201 1230 4276 consummet,
