3036 4862
308 249 390 326 890
475 329 480 338 ,
511 320 519 360 ¹
636 253 691 321 lle
714 253 895 322 llicitt'one
916 251 1089 320 Naturae.

312 435 431 502 torum
450 436 599 512 tonum,
629 437 684 502 vn
705 407 831 512 moun
853 435 911 500 tub
933 435 957 502 n
981 455 1041 502 un
1060 434 1144 499 oon
1167 435 1295 504 taren,
1325 435 1444 512 cuju,

249 587 252 594 ,
311 519 443 586 fructur
463 517 567 584 mixta
587 518 727 586 scientia
749 521 810 598 esi,
839 521 906 586 hoc
927 540 945 583 e
980 566 990 595 ,
1013 517 1169 584 consulat
1200 513 1445 579 confunditur

314 601 406 668 enim
427 623 468 668 ex
487 605 576 670 melo
600 605 728 670 latente
746 620 781 668 et
802 627 842 668 ex
864 605 971 670 sorma
992 599 1076 668 boui
1095 599 1281 688 patefacte,
1306 617 1346 662 ac
1374 617 1446 682 per

312 689 380 752 hoc
410 685 540 752 seducit
573 686 684 772 primo
714 687 845 754 sensum
874 687 910 752 in
942 707 1010 772 quo
1032 684 1096 758 cll,
1128 679 1237 778 veluti
1254 682 1447 779 fluendum

312 766 489 843 mulierem
518 767 706 836 discernere
737 792 808 837 non
838 772 1008 848 valentem
1038 753 1127 832 intel
1155 767 1319 830 malitiam
1371 785 1446 828 uae

312 853 417 927 latet,
440 868 483 918 ‘et
510 853 652 920 formam
672 853 756 920 boni
778 875 843 953 qua
864 853 934 942 ipsa
954 850 1082 918 malitia
1104 849 1266 914 ambiturt
1292 869 1355 945 ma
1373 845 1446 912 itia

313 934 477 1032 siquidem
502 957 563 1022 per
593 936 625 1000 le
653 937 848 1036 deformitas
877 940 1039 1024 quaedam
1071 931 1115 997 est
1136 947 1170 998 et
1190 933 1443 998 abominabtlte

313 1021 514 1166 {illisit
535 1017 1441 1194 tltmtittzllf’l?leddlttltsstnttitt

315 1181 417 1250 etiam
445 1185 578 1271 sugeret
609 1201 644 1250 et
672 1189 873 1252 abhorreret.
946 1199 1153 1250 crat-eutem
1174 1182 1335 1268 insipiens
1360 1181 1440 1244 sen·

315 1267 369 1336 sut
392 1287 431 1339 ac
451 1289 511 1416 pIer
531 1271 598 1334 hoc
620 1269 806 1357 decipitur,
839 1273 977 1336 credens
999 1267 1124 1332 malum
1147 1269 1275 1360 bonum
1297 1280 1333 1328 et
1358 1264 1442 1349 pul·

316 1371 411 1414 crum
434 1373 454 1415 e
478 1374 496 1416 e
519 1368 554 1416 et
575 1357 616 1418 ad
637 1354 735 1418 usum
758 1355 868 1418 suave.
900 1351 997 1416 Verbi
1019 1349 1142 1438 gratia,
1165 1369 1205 1412 ut
1227 1349 1341 1433 altquo
1360 1361 1439 1408 uta·

315 1455 393 1496 mur
414 1437 577 1522 exemplo.
622 1439 714 1502 Dum
735 1437 905 1524 phantafi'a
927 1434 1021 1509 auri,
1044 1435 1098 1498 vel
1120 1430 1307 1518 cujuspiam
1334 1427 1438 1492 senfi-

315 1515 394 1580 bilie
415 1517 574 1585 materiae
595 1541 758 1607 corporeo
781 1520 890 1586 sensui
912 1515 1134 1605 imprimitur;
1167 1513 1236 1600 ipsa
1256 1513 1438 1661 phantasm

314 1599 432 1686 pulcra
454 1616 554 1688 atque
575 1603 719 1668 formosa
739 1601 892 1685 videtur3
922 1602 1000 1688 quia
1023 1604 1065 1666 de
1086 1613 1237 1664 creatura
1282 1617 1351 1662 ont
1380 1617 1438 1658 ex·

313 1679 478 1747 trinsecus
499 1683 636 1748 assumta
658 1685 718 1762 est,
741 1687 797 1750 sed
818 1685 956 1760 mulier,
979 1688 1045 1750 hoc
1066 1683 1124 1756 est,
1148 1679 1289 1746 carnalis
1314 1679 1437 1742 sensus

317 1763 487 1850 decipitur
515 1781 550 1828 et
577 1767 777 1842 delectatur,
807 1790 879 1836 non
911 1767 1057 1838 sentient
1087 1767 1248 1830 latentem
1275 1763 1335 1828 sub
1358 1759 1373 1826 i
1403 1761 1438 1824 sn

314 1845 396 1910 salsa
420 1863 454 1911 et
473 1848 678 1934 phantastica
699 1850 930 1937 pulcritudine
951 1847 1135 1923 malitiam,
1167 1851 1234 1912 hoc
1261 1845 1325 1921 est,
1376 1785 1439 1908 iu·-

315 1929 512 2078 larpyriem,
525 1954 622 2080 puae
644 1932 692 2025 est
721 1936 822 2008 rodt'e
844 1939 983 2002 omitium
1004 1934 1170 1997 malorum.
1203 1931 1342 2030 ‘Quin'
1369 1932 1439 1992 erit

316 2035 367 2080 mu
383 2019 479 2078 ierem
502 2038 524 2078 a
570 2020 856 2102 concupiscendum
878 2043 958 2084 eam.
1004 2014 1173 2085 Dominus
1193 2037 1237 2092 vtu
1262 2027 1333 2094 ult,

315 2102 502 2164 moechetur
523 2099 572 2192 ess
592 2105 626 2164 in
640 2099 828 2201 cordesuo:
848 2107 894 2168 dc
909 2103 933 2170 st
950 2116 1064 2186 aperte
1078 2097 1222 2168 diceret:
1240 2036 1313 2244 §ui
1324 2037 1434 2182 [effan-

316 2183 427 2250 testam
450 2186 491 2248 de
513 2185 620 2250 forma
642 2186 811 2250 soemtnee
832 2187 891 2254 luo
914 2183 1039 2254 carnali
1057 2180 1174 2268 infigit
1195 2181 1252 2244 sen
1268 2175 1322 2254 ui,
1361 2184 1433 2260 jam

315 2269 512 2330 moechatus
534 2267 578 2332 eil
600 2269 637 2332 in
660 2269 867 2356 cogitatione
890 2271 967 2353 sua3
991 2271 1152 2353 appetent
1178 2261 1430 2350 turpitudinem

315 2347 469 2414 libidinis
503 2353 642 2434 quaese
665 2355 809 2418 latenter
830 2353 968 2418 attrahit
991 2352 1050 2418 sub
1073 2349 1152 2414 falsa
1174 2347 1231 2412 ille
1252 2343 1430 2413 muliebrio

315 2433 443 2494 formae
465 2429 719 2517 imaginatione.
749 2435 802 2500 En
823 2437 948 2533 igitur,
972 2450 1011 2498 ut
1028 2429 1271 2517 praediximus,
1294 2428 1431 2512 liguum

317 2511 476 2578 scientiae
506 2515 588 2580 boni
620 2533 654 2578 et
672 2520 751 2582 mali
772 2519 900 2584 malitia
920 2514 1109 2604 perniciosa
1130 2512 1369 2598 mortiferaque
1392 2511 1430 2576 iu

316 2597 424 2686 figura
458 2597 543 2662 boni
567 2597 776 2686 imaginata,
816 2617 849 2666 et
879 2606 943 2667 hoc
971 2600 1015 2664 est
1043 2597 1174 2684 lignum
1203 2595 1311 2660 veluti
1339 2593 1431 2658 intre

316 2683 492 2767 quondam,
513 2681 706 2762 foeminam,
723 2683 850 2748 scilicet
881 2684 917 2746 in
954 2684 1078 2758 cernuli
1102 2681 1197 2742 sensu
1218 2701 1318 2764 quem
1340 2679 1431 2740 deci·

314 2762 385 2850 pit,
409 2763 646 2850 constitutum3
669 2766 725 2830 cui
747 2766 855 2830 sensui
877 2768 898 2830 fi
922 2767 1053 2830 animus
1074 2763 1296 2838 consenserit,
1320 2759 1428 2824 totiue

316 2863 456 2912 naturae
467 2849 633 2912 humanae
647 2847 821 2936 integritate
837 2849 1072 2934 corrumpitur.
1096 2845 1314 2910 Excelstffima
1334 2865 1427 2908 nam·

316 2939 383 3018 que
404 2943 542 2994 naturae
564 2948 658 3016 parte
681 2933 949 3020 praevaricante,
974 2933 1080 3018 qualit
1102 2930 1243 2996 inferior
1266 2931 1352 2994 salva
1376 2949 1425 2990 re·

313 3011 482 3088 manebit,
518 3019 613 3094 cujut
641 3015 726 3103 ligni
756 3017 884 3080 fructus
914 3015 1017 3079 mixta
1050 3011 1188 3080 scientie
1210 3015 1253 3076 esi
1274 3037 1314 3077 ex
1335 3013 1426 3074 bono

316 3115 351 3162 et
371 3102 478 3171 melo,
509 3101 575 3164 hoc
599 3099 661 3173 esi,
692 3099 894 3164 indiscretus
916 3097 995 3162 mali
1016 3101 1108 3163 bono
1130 3097 1305 3195 imaginati
1327 3117 1426 3179 appe·

218 3236 221 3248 .
315 3181 417 3256 titus,
442 3195 476 3243 et
498 3201 612 3258 amor,
636 3197 670 3246 et
688 3182 976 3268 coucupiscentia,
1001 3198 1035 3246 et
1050 3183 1240 3256 delectatio,
1263 3203 1322 3266 per
1338 3199 1423 3279 quae

314 3265 421 3329 veluti
442 3283 502 3348 pet
523 3268 692 3349 quendam
714 3267 888 3330 colubrum
911 3265 1068 3351 antiquus
1090 3265 1189 3328 hostis
1212 3269 1350 3330 hument
1370 3283 1424 3347 ge·

314 3347 406 3414 neris
438 3345 548 3432 primo
572 3347 893 3431 praevaricationem
916 3351 1028 3422 suasit,
1066 3347 1188 3414 deinde
1210 3365 1350 3412 mortem
1376 3363 1424 3409 to-

314 3430 382 3494 tiue
411 3447 550 3494 naturae
576 3431 715 3510 adjecit:
757 3431 1054 3529 animae.quidem
1087 3432 1267 3504 deserentis
1301 3434 1422 3504 Deum,

315 3513 465 3599 corporis
492 3534 572 3576 vero
604 3516 643 3576 ab
676 3514 785 3578 anime
820 3516 949 3580 deserti.
993 3515 1140 3580 Sciontie
1166 3515 1279 3602 itaque
1300 3515 1336 3578 in
1357 3517 1424 3578 hoc

313 3599 391 3662 loco
425 3619 495 3662 non
531 3595 717 3666 doctrinam
740 3601 907 3684 quandam
931 3599 1136 3684 cognitionis
1159 3615 1192 3664 et
1214 3598 1423 3678 dijudicatio·

312 3680 367 3746 nie
389 3697 601 3753 naturarum,
640 3681 696 3746 sed
717 3681 874 3763 illicitum
896 3697 1025 3748 motum
1049 3701 1148 3770 atque
1169 3684 1345 3753 confusum
1366 3705 1422 3770 ap·

312 3763 459 3850 petitum
489 3767 531 3828 ad
552 3767 863 3850 concupiscendum
884 3768 1032 3842 malum,
1060 3771 1131 3842 ,hoc
1153 3767 1214 3842 est,
1246 3783 1420 3851 peccatum

314 3847 542 3912 fimilitudinis
569 3847 652 3914 boni
674 3849 752 3920 falsu
776 3848 884 3933 specie
905 3849 1087 3914 seducendi
1109 3849 1214 3935 gretia
1236 3851 1420 3916 coloratum

313 3931 486 4018 fignificat.
532 3933 598 3998 Sed
629 3931 768 4000 foetellis
800 3953 956 4016 quaerere
982 3931 1052 4010 via,
1086 3949 1202 3998 utrum
1232 3935 1325 4000 Deua
1356 3935 1420 4000 tale

312 4015 444 4101 lignum
465 4017 561 4095 cuju'e
582 4019 710 4088 fructus
729 4016 855 4120 pnixtut
877 4031 976 4102 atque
998 4017 1158 4090 consusue
1186 4037 1203 4085 a
1228 4017 1354 4104 petitus
1376 4017 1419 4090 eli

312 4101 396 4168 honi
418 4117 451 4164 et
471 4099 570 4174 mali;
604 4105 698 4178 cuiue
721 4113 840 4176 nature
862 4099 905 4164 esi
925 4102 1178 4186 malumphunt
1224 4103 1347 4168 eboni
1365 4123 1419 4168 oo·

311 4185 472 4292 lorptum3
496 4188 591 4262 cujut
614 4203 688 4252 eece
704 4181 945 4264 ,causa-mortio
966 4181 1114 4261 extitit...
1128 4184 1164 4250 in
1186 4186 1337 4272 paradiso
1357 4188 1416 4252 hu·

458 4407 464 4444 l
784 4420 791 4452 t
