3038 4832
252 281 259 298 ι
306 241 380 312 134
642 239 698 310 lle
717 235 901 352 Diciricm
921 239 1095 312 Nareae.

369 426 412 488 D.
439 424 522 496 Non
543 423 652 490 rorum
676 425 846 503 concedo.
867 445 986 490 verum
1007 423 1110 492 etiam
1131 420 1288 511 intelligo
1315 417 1426 490 e'xcel·

305 503 523 580 lentissimum
544 506 677 574 animae
696 525 829 574 motum
850 507 940 575 circa
960 508 1176 597 incognitum
1202 512 1314 574 Deum
1337 509 1430 580 oltra

168 631 171 643 ·
237 633 252 664 x.
306 612 444 662 omnem
473 607 659 659 creaturam
687 591 852 658 veriffime
880 592 996 658 vocari
1032 607 1067 658 et
1087 593 1254 660 subsistere
1274 591 1429 661 intellec·

306 693 398 742 tum-r
420 675 478 746 sed
497 693 566 762 quo
588 677 691 744 modo
711 677 768 744 rel
792 697 857 763 qua
878 674 1011 742 ratione
1032 675 1244 753 intellectus,
1268 679 1352 742 dum
1376 675 1430 740 irr-

308 775 358 824 tra
382 757 545 830 terminos
560 761 729 831 humanae
744 775 884 824 naturae
896 759 1133 836 concluditur,
1156 761 1253 846 supra
1269 757 1430 846 seipsum,

307 863 512 928 omnemque
533 858 719 918 creaturam
741 843 848 930 potest
869 845 1064 922 ascendere,
1101 860 1141 910 ut
1162 844 1251 910 circa
1271 841 1431 929 incogni-

307 941 381 994 tum
403 929 532 1000 Deum,
556 925 615 1011 qui
637 929 740 1013 longe
762 929 802 991 ab
826 927 921 992 omni
941 943 1052 994 creata
1071 944 1191 992 natura
1204 925 1429 998 remotus-est.

306 1011 383 1078 suoe
406 1009 632 1084 substantiales
654 1026 768 1076 motur
789 1011 900 1076 caleat
920 1011 1097 1097 perficere.
1119 1033 1190 1078 non
1215 1009 1384 1096 intelligo.

368 1094 418 1160 M.
442 1096 481 1158 rn
504 1095 569 1160 hac
613 1109 683 1158 arte
707 1093 876 1168 theoriae,
898 1115 983 1180 quae
1008 1097 1049 1158 de
1069 1093 1359 1160 intellectualibus
1378 1114 1430 1156 ra·

306 1173 560 1263 tionalibuaque
582 1117 770 1244 iirbllantiir
795 1176 963 1263 disputat,
987 1179 1069 1242 dum
1082 1177 1280 1264 pervenitur
1292 1179 1334 1241 ad
1348 1197 1431 1242 con·

306 1260 541 1336 siderandum,
577 1263 750 1347 quomodo
773 1277 892 1324 natura
913 1276 1023 1328 creata
1049 1277 1139 1326 extra
1162 1259 1300 1347 seipsam
1320 1259 1433 1347 potest

277 1411 278 1416 γ
306 1344 502 1420 ascendere,
538 1357 578 1408 ut
605 1343 758 1416 creatrici
792 1359 933 1408 naturae
953 1346 1064 1408 valeat
1085 1347 1283 1422 adhaerere,
1315 1342 1431 1422 omnia

308 1431 350 1494 de
388 1425 544 1514 potentia
579 1443 720 1499 naturae
756 1425 1060 1492 ratiocinationum
1095 1425 1269 1514 inquisitio
1301 1425 1431 1493 deficit.

305 1511 386 1587 Non
409 1510 501 1575 enim
522 1509 571 1584 ibi
593 1527 732 1591 naturae
752 1509 859 1584 ratio.
884 1511 941 1578 sed
962 1509 1099 1576 divinae
1123 1509 1249 1598 gratiae
1275 1508 1432 1574 ineffabi-

264 1663 267 1670 ,
305 1591 348 1660 lia
370 1609 405 1658 'et
425 1592 774 1680 incomprehensibilia
797 1594 941 1658 altitudo
963 1591 1181 1680 conspicitur.
1215 1592 1309 1658 Nulli
1329 1591 1432 1680 saqui-

308 1679 388 1742 dem
409 1675 569 1742 conditae
590 1676 789 1746 substantiae
804 1675 1002 1742 naturaliter
1015 1677 1099 1740 inell
1113 1673 1234 1752 virtue,
1255 1698 1433 1762 perquam

306 1758 408 1858 possit
428 1774 464 1822 et
485 1757 649 1826 terminos
670 1775 810 1824 naturae
832 1761 909 1823 suae
927 1752 1102 1844 [aphram.
1124 1758 1303 1846 ipsumque
1315 1763 1432 1826 Deum

306 1840 504 1908 immediate
524 1865 586 1928 per
606 1841 749 1928 seipsum
772 1841 958 1928 accingerer
982 1845 1049 1908 boc
1071 1840 1163 1908 enim
1181 1842 1285 1906 soliue
1301 1841 1346 1906 eli
1400 1864 1433 1908 a·

307 1923 394 2001 tiae,
430 1924 559 1990 nullius
580 1947 661 1991 vero
682 1923 821 1990 virtutis
842 1942 993 1990 naturae.
1036 1924 1129 1990 Hinc
1149 1925 1324 2011 Apostolus
1355 1941 1434 2005 „ate-

306 2024 363 2072 tur
392 2009 426 2072 ie
453 2007 633 2094 ignorasse,
671 2010 843 2110 eromodo
872 2023 991 2090 raptus
1010 2007 1059 2100 est
1080 2013 1115 2072 in
1134 2001 1348 2102 Paradifum
1382 2009 1434 2073 di·

306 2113 404 2166 ceno,
416 2076 495 2181 scio
515 2095 675 2170 hominem
696 2107 848 2177 raptam,
862 2090 930 2188 sed
950 2085 1058 2187 nescio
1081 2095 1115 2156 in
1135 2114 1288 2173 corpore,
1315 2115 1433 2170 ancar-

306 2190 362 2242 tro
385 2199 521 2258 corpas,
544 2178 606 2242 acfi
629 2176 778 2252 diceret,
803 2198 876 2242 non
899 2175 1049 2242 enimin
1066 2176 1277 2242 naturalibus
1295 2175 1432 2256 animae

307 2259 459 2324 motibus
481 2259 518 2322 in
541 2280 703 2344 corpore,
725 2263 780 2324 vel
804 2277 894 2324 extra
916 2281 1057 2346 corpur.
1080 2258 1183 2328 video
1205 2262 1307 2323 ullam
1323 2259 1434 2324 virtu·

309 2357 399 2415 tem.
422 2363 484 2437 per
506 2363 607 2426 quam
628 2342 701 2427 rapi
722 2339 840 2428 poffim
863 2342 900 2408 in
923 2343 1061 2407 tertium
1084 2345 1235 2408 coelum:
1264 2346 1362 2408 Deua
1378 2345 1434 2408 so·

306 2427 360 2492 lue
388 2425 469 2498 sert,
500 2428 598 2503 cujue
625 2423 731 2509 gratia
760 2426 828 2490 sola
848 2441 983 2511 raptum
1004 2447 1059 2494 me
1081 2426 1177 2490 suilla
1199 2447 1270 2490 non
1292 2425 1430 2513 ignoro.

306 2508 409 2572 Nulla
431 2505 595 2590 siquidem
616 2522 737 2570 natura
758 2531 818 2593 per
839 2509 977 2595 seipsam
999 2510 1106 2596 potest
1128 2511 1305 2574 ascendere
1326 2507 1364 2574 in
1392 2508 1432 2574 il·

306 2592 379 2656 lum
399 2591 535 2665 locum,
559 2588 619 2652 ubi
641 2589 810 2655 Dominua
832 2591 897 2667 ait,
941 2593 1009 2658 Ubi
1030 2617 1091 2676 ego
1108 2587 1198 2688 sum,
1223 2595 1292 2658 illic
1314 2608 1348 2663 et
1370 2597 1432 2658 mi·
1483 2629 1497 2648 κ

305 2673 410 2766 nister
430 2695 519 2738 meus
540 2676 614 2738 erit.
872 2678 878 2694 '
1173 2701 1181 2712 ·
1304 2746 1307 2758 Ι
1422 2681 1427 2698 ”

369 2761 412 2822 D.
437 2757 638 2842 Quanquam
661 2755 826 2832 breviter,
849 2757 898 2822 sat
920 2773 1032 2824 tamen
1053 2760 1141 2824 clare
1160 2759 1204 2824 est
1220 2759 1431 2847 responsum.

306 2841 454 2926 ideoque
479 2843 572 2926 quod
593 2839 710 2914 instat,
733 2843 776 2905 ad
798 2841 983 2912 secundum
1002 2842 1134 2908 animae
1147 2859 1299 2922 motum,
1324 2845 1430 2910 confi·

308 2926 496 2988 derandum
517 2922 641 2988 mentia
663 2923 770 2988 aciem
794 2923 912 3009 dirige.
972 2939 977 2960 ¹
1086 2928 1093 2944 “

370 3009 419 3072 Μ.
444 3009 562 3072 Mutua
586 3006 718 3072 animae
738 3007 907 3070 secundus
931 3007 975 3071 est
995 3014 1049 3080 (ut
1070 3005 1230 3086 diximue)
1253 3007 1311 3094 qui
1331 3024 1365 3072 et
1376 3007 1430 3072 in·

308 3107 357 3156 tra
386 3091 550 3156 terminos
570 3106 711 3154 naturae
732 3089 945 3166 continetur,
976 3087 1154 3236 ipsumpuc
1176 3095 1288 3156 Deum
1311 3091 1428 3156 secun-

307 3178 388 3240 dum
412 3175 542 3257 causam
566 3171 709 3247 diffinit,
748 3175 824 3237 Hoc
854 3173 916 3246 est,
936 3171 1033 3238 illud
1053 3174 1088 3238 so
1104 3177 1266 3240 ammodo
1289 3175 1330 3238 de
1352 3179 1428 3240 Deo

306 3257 486 3344 incognito
511 3255 648 3341 quidem
670 3255 870 3352 cognoscit.
900 3255 1189 3342 quodomnium,
1229 3279 1316 3344 quae
1337 3257 1427 3334 suut,

306 3341 404 3406 caula
424 3341 486 3420 fit3
510 3355 544 3402 et
566 3342 659 3425 quod
672 3339 914 3424 ·pr1mordialea
937 3339 1091 3406 omnium
1114 3342 1231 3406 causae
1253 3343 1294 3406 ab
1317 3362 1368 3416 eo,
1393 3357 1430 3406 et

306 3423 343 3490 in
360 3444 400 3488 eo
416 3422 629 3488 aeternaliter
643 3423 801 3488 conditae
812 3424 893 3499 fint,
918 3443 1099 3510 earumque
1114 3425 1299 3504 causarum,
1323 3445 1431 3510 quan·

306 3523 380 3572 turn
404 3509 502 3582 datur
523 3504 571 3578 ei.
594 3505 843 3572 intellectarum
864 3506 925 3605 ipsa
946 3507 1098 3582 animae,
1122 3513 1218 3589 cuiue
1237 3523 1349 3572 motur
1368 3505 1426 3584 eil,

306 3588 541 3678 cognitionem
562 3588 745 3677 imprimit:
768 3606 808 3656 ut
825 3613 917 3655 emm
934 3613 976 3656 ex
989 3589 1207 3658 inferioribus
1222 3589 1429 3656 sensibilium

306 3695 419 3746 rerum
450 3671 634 3761 imagines,
668 3695 749 3761 quae
779 3673 899 3740 Graeci
919 3674 1105 3762 phantasma
1127 3691 1279 3750 vocant.
1314 3671 1430 3740 anima

304 3757 447 3844 recipiar
469 3758 517 3822 ita
539 3779 579 3822 ex
598 3755 851 3846 superioribus.
875 3761 942 3824 hoc
964 3757 1325 3852 ellgprimordialibur
1350 3779 1430 3823 cau·

304 3841 359 3910 fia'
376 3841 612 3928 cognitiones,
646 3863 731 3928 quae
756 3864 772 3904 a
796 3839 933 3908 Graecia
956 3843 1221 3930 Theophaniae.
1253 3841 1428 3921 aarum

168 3941 178 3956 ·
306 3923 445 3990 divinae
467 3924 714 4012 apparitiones,
737 3926 846 3990 solent
867 3925 1049 4026 appellari,
1072 3925 1133 3992 fibi
1150 3926 1215 4026 ipsu
1235 3925 1368 4025 infigit,
1392 3942 1427 4008 et

305 4026 366 4094 per
385 4007 474 4106 ipsae
491 4012 664 4096 ⁴quandam
686 4013 731 4109 de
750 4013 830 4110 Deo·
849 4025 1009 4109 nonnam
1029 4010 1122 4098 perci
1148 4026 1204 4112 ιη.
1243 4033 1281 4110 ‚⁶¹
1300 4031 1427 4098 pumat

305 4091 642 4264 reinbern
660 4094 1210 4258 remunerarer
1230 4089 1426 4262 mirri
