2970 4826
355 217 359 226 ¹
480 251 589 330 tete
609 199 776 344 Quaen
1105 249 1188 328 609

77 441 282 526 sendbdium
302 463 415 514 cerere
434 462 506 512 non
524 441 651 543 potest,
686 459 759 510 nun
782 459 862 508 uem
884 460 975 510 error
997 437 1105 506 denir
1123 438 1188 506 utu

78 529 117 596 in
145 526 287 616 hirqui
314 525 424 594 divini
448 525 534 594 redir
562 527 740 614 splendore
776 525 941 615 upersuli,
975 539 1087 590 rectae
1107 543 1188 588 cou-

78 609 787 784 {solitis‘albitttl‘tilss
802 609 1188 781 telttttltttqlti:

80 779 139 844 sed
167 779 341 865 perversae
373 777 583 865 rationabilia
612 777 745 844 animae
776 739 890 844 mutue
910 797 979 864 quo
1001 769 1190 842 conditoria

79 861 345 962 speculationem
379 861 517 938 deserit,
557 878 599 960 et·
617 860 971 961 'seipsamolibidino‘so
996 857 1217 959 ’illicitoque‘

79 937 1190 1128 tettan‚attestatatenerenturne
1242 1103 1256 1132 ,

78 1109 1191 1284 Ἐὲἓηῆῗὲἰῗῗωῗὲἒᾞέειῡέἓέἳῖἴὲιὲἕῗῖὴέ[3ἑέῗυῖἶῖξὶῗὲ

79 1281 132 1355 se,
164 1284 231 1360 jam
259 1299 340 1346 vero
367 1281 542 1346 vulnerata
571 1296 606 1344 et
636 1279 765 1358 saucia,
799 1277 924 1346 idonea
956 1299 1028 1344 non
1057 1273 1101 1340 est
1129 1295 1190 1362 per

4 1417 5 1424 ,
77 1363 225 1428 liberum
246 1361 421 1431 arbitrium
443 1363 557 1430 sanare
577 1363 621 1428 se.
664 1366 731 1430 Sed
751 1365 795 1430 ad
816 1383 960 1450 eaquae
981 1359 1120 1436 restant,
1140 1379 1191 1424 ra·

78 1444 313 1512 tiocinationie
336 1445 401 1510 iter
422 1447 466 1512 cll
486 1449 702 1535 carpendum.

144 1543 195 1608 23.
220 1532 270 1594 M.
293 1529 386 1616 Quid
406 1531 527 1596 reslats
554 1552 625 1598 non
649 1535 691 1598 de
711 1530 863 1620 paradiso
885 1527 961 1595 satie
983 1527 1028 1594 est
1049 1525 1190 1594 dictum.

79 1613 167 1678 Nam
205 1616 247 1679 de
274 1614 464 1682 remotione
491 1614 642 1692 criminie
664 1629 730 1702 qua
751 1619 948 1702 objurgatur
968 1611 1085 1680 diviua
1105 1629 1191 1676 voce

79 1698 208 1772 Adam.
243 1699 377 1784 culpam
406 1697 553 1764 removit
579 1700 616 1766 in
645 1699 839 1775 mulierem,
874 1713 909 1764 et
940 1711 981 1762 ut
1001 1707 1192 1762 attenuaret

79 1779 231 1846 mulieris
252 1781 401 1862 causam,
431 1780 578 1848 removit
597 1785 732 1869 culpam
753 1782 790 1848 in
812 1805 891 1848 euru
913 1779 972 1868 qui
992 1777 1052 1844 fibi
1072 1777 1192 1844 mulie·

78 1885 151 1927 reru
182 1863 292 1939 dedit,
324 1867 433 1953 deque
461 1865 562 1952 ipsrue
589 1866 740 1933 mulierie
760 1864 951 1932 remotione
973 1885 1039 1952 qua
1059 1861 1192 1946 censoru

105 1945 377 2012 raevaricationie
398 1947 435 2013 in
458 1949 491 2013 se
533 1964 647 2014 entem
667 1951 789 2024 refert,
813 1971 918 2035 quum
937 1950 981 2030 ab
1000 1943 1192 2032 expofitori·

79 1970 143 2094 Eue
165 2031 273 2095 sacrae
295 2029 478 2117 scripturae
492 1971 588 2096 rdatie.
600 2031 644 2095 esi
667 2032 873 2106 diecussurn,·
886 2051 957 2098 non
973 2028 1193 2109 necessarium

80 2113 223 2179 arbitror
253 2112 376 2178 dicere.
419 2117 462 2178 D.
496 2113 722 2180 Necessarium
750 2114 887 2214 quidem
909 2115 1076 2199 valdeque
1096 2109 1192 2176 utile.

79 2197 192 2266 Potest
221 2195 314 2260 enim
344 2195 436 2274 fieri,
467 2211 508 2262 ut
538 2195 680 2263 sortaffie
704 2220 780 2286 qure
803 2196 965 2276 existimet
985 2193 1193 2262 remotionee

79 2279 187 2366 ipsae}
210 2279 333 2368 quibua
356 2294 391 2346 et
410 2277 464 2346 vir
484 2279 522 2346 in
543 2281 720 2350 mulierem
740 2279 800 2346 fibi
822 2301 841 2346 a
861 2283 936 2348 Deo
955 2281 1066 2346 datam
1079 2299 1117 2344 ec
1132 2297 1195 2365 per
1330 2291 1333 2300 ’

80 2367 147 2429 boc
167 2362 205 2428 in
226 2347 378 2430 mulieris
400 2365 569 2440 datorem,
591 2365 714 2432 mulier
734 2379 848 2430 autem
868 2363 905 2432 in
928 2363 1117 2450 serpentem
1139 2380 1194 2428 oc·

81 2448 246 2514 cabonem
267 2445 399 2532 peccati
419 2447 590 2524 removit.
612 2465 700 2516 ratae
720 2449 887 2537 lustraque
906 2445 1077 2534 apologiae
1098 2443 1195 2512 fuiffe

81 2528 281 2616 ultioneque
309 2527 484 2616 indignae,
513 2529 577 2594 nist
605 2555 683 2600 vera
704 2533 837 2599 ratione
859 2531 1125 2612 conpincantur,
1155 2547 1195 2594 ac

81 2635 161 2680 ruore
181 2611 319 2693 injustae
338 2615 377 2676 bt
396 2613 670 2698 reprehendbilee
693 2617 907 2690 refellantur.
940 2613 1130 2700 meritoque
1152 2611 1196 2676 ad

81 2697 258 2766 cumulum
282 2691 470 2776 justissimae
498 2715 630 2792 poenae
659 2697 775 2762 delicti
795 2697 966 2784 pertinere
984 2695 1192 2776 judicentur.
1265 2741 1273 2762 .

83 2785 135 2846 M.
167 2779 339 2844 Ponamue
366 2777 481 2862 itaque
502 2777 604 2864 rpsrua
625 2779 688 2842 scri
715 2796 810 2845 turae
830 2781 944 2846 rerba.
986 2781 1115 2852 Dicit.
1144 2775 1196 2842 iu·

107 2861 177 2934 uit.
199 2862 324 2938 Adam,
347 2861 461 2924 mulier
524 2883 577 2924 am
598 2799 724 2954 datast·
734 2859 865 2954 sociam
887 2865 984 2940 mut,
1020 2863 1118 2926 dedit
1137 2863 1195 2926 mi·

81 2887 120 3012 in·
141 2945 185 3008 de
204 2946 311 3026 ligno,
335 2958 370 3007 et
389 2882 528 3041 comedi
563 2943 637 3020 ,nic
657 2949 779 3033 quaeso
800 2949 925 3024 Adam,
952 2945 1027 3034 quie
1042 2944 1105 3011 tibi
1121 2967 1195 3012 mu·

82 3031 201 3096 lierem
225 3025 344 3093 dediti
367 3029 537 3091 Domrnue
557 3027 673 3114 inqnie
718 3030 755 3094 ni
770 3052 842 3096 earu
860 3029 1030 3094 formarit.
1061 3031 1196 3118 Quaero

83 3137 104 3180 a
132 3129 167 3178 te
196 3131 257 3177 cur
284 3115 378 3174 Deua
402 3131 475 3176 eam
495 3109 656 3204 formavit
675 3053 807 3212 tiirique
828 3112 947 3179 dediti
983 3130 1100 3181 curte
1123 3117 1197 3182 dor·
1252 3143 1254 3148 ·

83 3197 231 3272 micare,
262 3198 331 3260 hoc
360 3192 404 3258 cll
430 3207 553 3258 mentre
576 3208 770 3260 conturtum
793 3218 812 3260 a
832 3197 1121 3285 contemplatione
1141 3219 1197 3264 ve·

83 3279 195 3348 ritatie
222 3279 260 3346 in
289 3297 438 3346 amorem
467 3277 607 3342 carnalie
629 3277 782 3365 conjugii
803 3297 1041 3358 convertente,
1075 3281 1197 3348 coslam

5 3415 19 3440 ,
86 3369 128 3432 de
158 3365 263 3438 latere
291 3377 351 3428 tuo
380 3359 496 3436 traxit,
532 3363 574 3426 de
603 3383 669 3448 qua
701 3361 886 3428 mulierem·
907 3363 990 3429 secit
1010 3386 1110 3452 quam
1133 3363 1197 3430 tibi

84 3447 242 3536 peccanti
263 3443 364 3532 seque
387 3443 551 3512 deserenti
576 3443 693 3510 dediti
715 3467 776 3511 cur
791 3467 862 3511 non
877 3445 996 3512 eodem
1009 3453 1113 3514 modo
1129 3470 1198 3536 quo

88 3548 121 3595 te
142 3529 242 3607 iecit,
265 3527 443 3594 mulierem
465 3549 565 3616 quarn
586 3526 650 3592 tibi
672 3529 783 3604 daret,
812 3529 955 3596 secerits
987 3531 1076 3596 Tui
1103 3533 1198 3598 sede

86 3629 220 3679 terreno
241 3611 324 3680 limo
345 3611 468 3680 merito
490 3611 549 3700 qui
568 3610 720 3678 coeleslia
742 3611 895 3678 deserent
912 3629 1043 3680 terrena
1060 3556 1197 3704 eiegisli,

86 3697 196 3762 sectue
230 3718 283 3764 eet
314 3694 437 3761 mulier
464 3709 523 3760 tua
550 3696 712 3762 exlatere
734 3712 794 3761 tuo
816 3696 924 3762 sumta
946 3697 989 3762 est
1010 3719 1199 3786 congruen-

85 3795 157 3851 ter.
191 3777 269 3864 quia
299 3779 396 3845 causa
447 3778 720 3845 raevaricationie
746 3795 824 3844 tuae
857 3801 898 3846 ex
918 3779 1025 3868 teipso
1047 3799 1121 3848 orta
1143 3781 1197 3848 est.

85 3861 335 3960 Respondebit.
360 3803 460 3933 credo
481 3865 565 3931 haec
586 3863 718 3930 omnia:
745 3866 839 3930 Deua
860 3863 944 3929 iecit
967 3863 1046 3966 quia
1065 3863 1197 3942 voluit3

86 3961 124 4010 et
150 3947 229 4010 rdeo
249 3943 294 4010 sic
314 3946 415 4022 iecit,
451 3945 530 4033 quia
550 3945 595 4014 fic
617 3947 810 4012 iaciendum
831 3945 1017 4034 praevidrt,
1049 3949 1109 4037 qui
1130 3971 1200 4015 om·

84 4027 146 4095 nia
174 4049 396 4116 quaecunque
427 4029 555 4104 voluit,
587 4029 680 4096 iecit.
722 4032 789 4096 Sed
819 4035 931 4098 adbuc
965 4047 1040 4098 ete
1061 4053 1197 4120 quaero.

85 4110 257 4200 qnare-fic
274 4111 386 4178 voluit
407 4113 584 4178 mulierem
606 4112 669 4178 tibi
690 4113 825 4180 faceres
849 4115 935 4270 ἳιιὶε
956 4113 1199 4215 inquiendiri·

86 4215 153 4268 uae
177 4191 365 4269 voluntarie
386 4197 499 4270 trusae
519 4195 627 4286 potest
644 4195 844 4290 investigare
899 4199 987 4289 Qnie
1008 4219 1101 4272 enam
1121 4217 1198 4288 cog·
