2952 4824
275 237 329 312 to
460 303 470 347 ·.
599 237 655 309 oe
674 237 857 310 uuum
876 237 1050 310 Naoeae.
1142 181 1144 186 ’

274 424 398 491 moueri
415 443 491 497 nos,
512 435 551 488 ut
569 445 592 487 o
610 424 800 507 principio:
821 437 857 488 et
874 443 999 510 quopto
1019 421 1116 489 modo
1135 425 1261 490 moueri
1277 422 1327 487 aa
1359 447 1389 500 ι,

132 499 144 590 ζ
273 523 313 574 ut
332 509 379 571 ad
390 506 494 601 finem
518 503 576 598 ιβ.
630 511 669 573 Si
687 521 799 572 autem
818 521 967 574 mouetur
986 507 1292 592 corrutionubiliter
1327 509 1393 572 tbi·

274 605 343 656 met
372 590 691 668 intellectuabilitert
731 593 956 667 intellectuale*
978 593 1108 658 omniuo
1136 593 1237 656 etrum
1270 592 1395 656 intelli·

273 679 339 761 gie.
391 679 430 739 se·
465 687 576 738 autem
607 675 786 758 iutelligit.
822 682 951 743 omnino
981 689 1074 740 artat
1100 677 1187 760 quod
1218 675 1326 742 intelli
1350 678 1392 739 it.

275 764 314 826 ue·
333 771 444 831 amat,
465 762 598 841 potitur
617 763 745 832 omnino
764 760 812 822 ad
832 755 957 852 ipsum,
981 772 1021 824 ut
1037 760 1193 831 amabile.
1216 781 1296 824 ιιιι
1326 781 1393 823 um.

275 847 316 909 ut
344 855 454 906 autem
480 845 628 924 potitur,
660 837 818 932 profecto
848 849 949 909 etiam
969 835 1130 934 festinat.
1173 846 1212 908 Si
1222 837 1270 934 fe
1301 849 1388 916 ierat,

275 930 405 994 omnino
426 927 571 990 intendit
591 927 740 991 validum
760 941 892 993 motum.
950 931 987 994 st
1006 941 1115 990 autem
1137 929 1284 1006 iritendpt
1301 928 1389 990 vate·-

273 1011 352 1076 dum
384 1023 520 1084 motum,
543 1031 612 1074 oron
622 1009 703 1102 stat
721 1033 884 1096 quousque
895 1010 969 1102 fiat
990 1021 1097 1077 totum
1118 1012 1152 1073 in
1171 1024 1244 1077 toto
1263 1024 1387 1082 omaro.

275 1109 312 1159 et
340 1117 364 1158 o
383 1107 455 1159 toto
475 1097 785 1176 comprehendatur,
820 1097 959 1160 libenter
971 1090 1153 1190 seeundum
1172 1095 1389 1168 voluntatem,

269 1172 451 1272 [duetorem
470 1181 544 1240 atei
568 1181 638 1243 ient
651 1177 1007 1270 ‘circumscriptionem
1028 1191 1067 1242 ut
1086 1191 1194 1242 totum
1214 1192 1287 1244 toto
1308 1172 1385 1272 effi·
1463 1227 1464 1234 ι

274 1265 385 1326 cietur
404 1201 705 1354 circumjiribenm
723 1276 762 1326 ut
784 1265 1012 1328 nihilomnino
1032 1261 1135 1353 restet
1145 1263 1230 1326 velle
1249 1257 1390 1357 exser'p·

146 1361 148 1368 ’
265 1341 312 1442 so
323 1343 472 1448 seipsum
493 1357 604 1410 totum
621 1367 814 1431 cognoscere
830 1348 975 1412 odiendo
996 1349 1115 1410 circum
1134 1349 1296 1428 criptum,
1326 1345 1391 1432 Jed

276 1453 321 1495 ex
340 1423 631 1532 cereumscribeute.
675 1434 847 1532 mii*
864 1453 927 1515 per
946 1443 1051 1496 totum
1072 1432 1097 1528 il
1111 1433 1276 1494 ominatur
1294 1429 1389 1492 lumi·

356 1506 1391 1663 tutuluululluttuuvlzttuult

182 1657 187 1668 ⁸
260 1743 265 1761 ,
298 1619 435 1768 3uimquee
456 1701 475 1743 e
494 1679 665 1767 principio
686 1620 862 1756 inchoiirt,
872 1695 907 1746 et
952 1701 988 1744 er
1006 1680 1393 1745 naturalemmotumad

273 1763 379 1829 finem
399 1764 497 1827 luum
518 1765 676 1836 tendunt,
695 1766 836 1828 edoceat
855 1762 912 1828 ine
938 1762 984 1827 el
1006 1761 1183 1848 ipsumque
1202 1759 1393 1827 naturalem

272 1861 407 1912 motum
437 1844 617 2022 tripliciter
641 1845 784 1911 diffiniat
804 1848 865 1910 fio:
895 1851 1012 1912 Motus
1026 1870 1050 1906 ·e
1099 1851 1209 1909 virtus
1226 1845 1393 1924 normalis,

147 1999 150 2008 ,
273 1932 322 1996 ad
345 1923 445 2022 suum
493 1913 640 2018 esiinans
656 1929 771 2016 finem.
813 1930 873 1993 Vel
902 1928 965 2003 fic3
1044 1941 1120 1994 otus
1151 1926 1201 2020 ιβ
1218 1951 1266 2010 po
1305 1951 1326 1994 o
1347 1951 1392 1993 ιι·

274 2015 382 2077 altero
408 2018 545 2078 ueniens
571 2015 619 2076 ad
645 2018 800 2084 atterum,
833 2013 924 2100 erq'us
941 2008 1034 2112 finis
1064 2007 1112 2103 est
1133 2013 1177 2082 im
1202 2035 1224 2074 a
1285 2011 1390 2076 utrm.

272 2099 342 2162 Aut
368 2097 433 2178 [103
470 2101 590 2165 Mones
618 2095 667 2190 ‘st
695 2097 849 2177 operatio
868 2108 1009 2181 octova,
1044 2096 1136 2182 erejtes
1186 2107 1239 2160 ms
1262 2093 1312 2186 ιβ
1330 2115 1394 2176 per

263 2174 415 2274 seipsam
442 2173 619 2275 perfectio.
674 2180 778 2264 Quod
807 2193 919 2242 autem
947 2175 1046 2252 dixit,
1076 2191 1184 2242 motus
1213 2177 1262 2269 ιβ
1280 2173 1389 2278 paffio

191 2309 196 2322 .
273 2265 317 2328 ab
344 2265 449 2327 altero
469 2268 604 2328 veniens
622 2264 670 2326 ad
690 2264 846 2334 alterum,
881 2263 962 2324 dum
987 2261 1029 2324 de
1049 2261 1194 2325 naturali
1215 2277 1313 2326 motu
1336 2285 1389 2326 m·

271 2345 455 2432 telligitur,
487 2367 559 2410 uon
591 2343 639 2408 ite
674 2345 718 2408 est
744 2342 1003 2428 intelligendum
1032 2358 1073 2406 ut
1093 2343 1185 2409 aliud
1204 2345 1244 2409 fit
1263 2344 1391 2432 princi·

272 2428 370 2516 pium
400 2449 441 2490 ex
468 2423 716 2514 quo'paffibilie
738 2442 870 2499 motus,
903 2424 1023 2502 idest,
1058 2443 1190 2492 motum
1211 2427 1307 2492 suum
1328 2450 1389 2514 pu·

197 2533 200 2540 ⁴
272 2511 363 2576 tiene
384 2509 541 2582 inchoat,
566 2524 601 2572 et
624 2507 717 2572 aliud
738 2505 817 2573 finio
840 2528 941 2593 quem
963 2509 1113 2594 appetit·
1136 2514 1218 2575 dum
1233 2510 1391 2577 omnium

295 2615 358 2657 uae
390 2591 587 2656 naturaliter
615 2597 756 2656 moren‘t
789 2589 998 2676 principium
1029 2605 1063 2655 et
1094 2555 1172 2658 linio
1206 2615 1315 2659 uuum
1336 2596 1388 2659 fit.

270 2617 327 2742 ist
348 2673 440 2739 enim
462 2679 554 2739 Deus
577 2695 596 2738 a
617 2693 703 2762 quo,
727 2687 761 2738 et
781 2693 842 2759 per
862 2693 981 2760 quern,
1005 2688 1039 2737 et
1061 2678 1102 2739 ad
1124 2697 1225 2774 quem
1245 2699 1388 2742 moven-

273 2775 329 2825 tur
350 2756 475 2826 omnie.
520 2757 587 2820 Sed
608 2756 686 2855 quia
710 2755 796 2820 alius
818 2755 1011 2820 intellectus
1031 2757 1142 2843 princt
1168 2758 1210 2835 ii,
1247 2775 1282 2824 et
1300 2760 1389 2825 uliue

273 2842 466 2907 intellectus
493 2839 590 2915 finio,
619 2843 766 2928 rdeoque
794 2839 883 2925 quali
915 2841 1057 2902 alterum
1079 2857 1113 2905 et
1135 2783 1294 2920 tritorum,
1325 2843 1390 2942 ipit

200 2931 202 2936 ’
275 2929 344 2992 duo
365 2924 559 2990 intellectus
582 2923 759 2997 dicuntur,
785 2923 866 2987 dum
889 2921 976 2986 circu
997 2943 1106 2987 unum
1128 2925 1282 2990 omnium
1295 2949 1390 3014 prm·

271 3007 402 3108 cipium
438 3022 474 3072 et
499 3006 604 3070 finem
634 3007 828 3080 versantur3
861 3003 957 3069 verbi
978 3005 1103 3092 gratia,
1136 3009 1244 3072 veluti
1264 3011 1288 3073 fi
1310 3009 1389 3096 quie

253 3090 398 3158 -dtxerit
418 3092 458 3154 ub
479 3088 656 3154 intellectu
700 3085 839 3174 rincipii
859 3089 902 3151 ud
922 3086 1134 3154 intellectum
1155 3090 1233 3156 finio
1250 3091 1287 3156 in
1299 3095 1388 3157 Deo.

289 3195 300 3217 ·
335 3189 387 3252 73.
421 3173 555 3237 Deinde
580 3113 770 3248 conflicta,
806 3168 884 3256 quia
907 3191 1007 3234 omne
1029 3177 1121 3259 quod
1165 3173 1312 3262 rincipio
1336 3197 1389 3240 ca·

269 3273 323 3323 ret
342 3272 379 3320 et
398 3256 485 3331 line,
513 3255 607 3318 omni
628 3275 763 3341 quoque
784 3267 881 3317 motu
906 3274 1018 3318 carere
1047 3197 1176 3321 neceie
1192 3257 1245 3322 est.
1291 3262 1387 3322 Deuo

272 3354 386 3405 autem
408 3333 583 3430 ἄναρχος,
606 3337 673 3402 hoc
696 3337 752 3413 est,
775 3337 843 3400 fine
888 3335 1035 3422 rincipio
1060 3339 1117 3414 ell3
1162 3339 1219 3403 uia
1239 3339 1289 3406 nil
1306 3363 1387 3406 eum

226 3435 230 3438 ’
271 3420 461 3524 praecedit,
483 3429 548 3484 nec
569 3443 649 3484 eum
671 3419 773 3485 efficit
793 3435 832 3482 ut
879 3435 902 3482 t.
936 3421 1009 3484 Nec
1026 3419 1129 3486 finem
1140 3363 1256 3499 iubet,
1279 3446 1387 3512 quum

271 3503 429 3570 munitur
453 3504 514 3578 est3
542 3501 706 3586 uilenim
726 3503 797 3591 post
821 3523 898 3566 eum
919 3501 1136 3590 intelligitur,
1171 3509 1252 3572 dum
1274 3507 1387 3571 termi-

271 3610 338 3654 nue
370 3586 525 3654 omnium
554 3587 596 3652 fit
623 3589 711 3653 ultre
767 3608 845 3650 uem
867 3584 954 3649 nihil
975 3587 1200 3673 progreditur.
1246 3591 1388 3654 Nullum

212 3717 217 3730 ι
251 3672 285 3737 *i
312 3669 378 3736 'tur
409 3686 542 3736 motum
573 3669 705 3757 recipit.
781 3690 827 3734 on
850 3667 942 3732 enim
962 3671 1065 3734 habet
1084 3692 1152 3758 quo
1175 3673 1208 3736 se
1227 3689 1386 3750 moveut3

187 3829 191 3834 ¹
298 3777 356 3820 um
376 3753 576 3840 plenitudo,
608 3769 642 3818 et
664 3755 777 3829 locut,
806 3767 841 3817 et
859 3751 1041 3839 perfectio,
1076 3754 1245 3832 etlinun,
1280 3771 1315 3820 et
1336 3771 1386 3821 to-

273 3853 348 3902 tum
369 3837 524 3903 omnium
543 3837 598 3913 fit,
621 3836 726 3901 immo
749 3849 783 3900 et
802 3837 980 3922 plusquam
1001 3836 1180 3921 plenitudo
1192 3853 1237 3902 «ιι
1255 3839 1387 3926 perfec·

272 3919 346 3998 tio,
399 3923 553 4008 luequam
580 3921 676 3986 locus
699 3935 733 3982 et
752 3917 865 3995 statio,
897 3919 973 4006 plue
997 3941 1076 3986 uum
1096 3935 1207 3986 totum
1228 3920 1386 3987 omnium

273 4004 328 4070 eu.
369 3945 450 4069 iluo
482 4002 574 4069 enim
606 4004 772 4090 estfquam
793 4004 886 4089 quod
907 4005 949 4068 de
972 3942 1006 4067 ie
1028 4003 1152 4069 dicitur
1171 4019 1207 4069 et
1225 4004 1388 4094 intelligi·
1440 4059 1443 4064 .

273 4103 346 4166 tur,
390 4086 489 4152 uoviu
510 4089 613 4154 modo
635 4101 671 4152 et
692 4086 823 4152 dicutur
844 4084 991 4172 quidde
1011 4107 1072 4164 eo,
1105 4103 1141 4154 et
1160 4087 1382 4189 intelligutur.

271 4173 316 4236 D.
385 4191 444 4239 tec
469 4169 556 4240 mihi
586 4171 674 4240 ultre
699 4171 878 4242 lucetouu‘t
908 4183 949 4236 ut
974 4169 1107 4260 opinor.
1129 4173 1201 4240 M.
1222 4171 1260 4242 si
1279 4172 1388 4262 egitur
