2884 4820
358 219 858 356 ‚alamannus
1002 265 1158 395 ⁸586

56 455 210 546 gumtis,
234 455 466 544 dehonestate
487 456 635 544 eorporis
659 452 859 542 v'i'ribusque'
875 469 908 518 et
930 453 1085 529 lenitate,
1113 443 1158 542 de

56 539 173 606 astutia
192 537 335 616 ruentis,
360 541 401 603 de
422 541 599 609 verborum
620 539 814 626 lepiditate,
837 541 879 602 de
899 539 1014 624 pulcra
1037 553 1071 601 et
1090 559 1159 606 mo·

55 625 165 710 rigera
186 629 313 695 uxore.
352 623 393 686 de
414 622 641 686 saecunditate

55 729 131 770 rum
155 703 342 780 affluentias
376 719 507 770 utnon
529 705 637 778 dicam
660 647 702 770 de
722 703 888 792 dignitate
909 719 943 766 et
961 703 1159 780 honoribus,

56 789 262 876 ceterisque,
285 783 407 874 quihus
427 790 575 853 mundus
596 788 653 852 isle
674 788 815 862 arridet;
828 787 873 850 'in
896 799 1086 850 tantum'ut
1102 808 1159 888 op·

55 872 161 936 tarint
191 885 354 958 perpetuo
384 870 579 946 derisere,
610 870 696 936 nihil
719 875 760 936 de
782 869 1008 956 spiritualibus
1030 871 1160 935 delicus

59 953 177 1019 audire
198 955 251 1018 vel
274 953 421 1040 cogitare
441 957 605 1019 volentes.
649 957 698 1018 Ad
720 953 946 1039 huric'itaque
963 953 1079 1018 ilatum
1093 951 1161 1042 pri·

56 1057 191 1102 morum
224 1036 406 1101 hominum¹
423 1051 500 1102 ante
522 1036 700 1111 delictum,
725 1041 796 1102 hoe
818 1037 861 1100 est
880 1040 922 1101 ad
944 1037 1009 1101 sols
1030 1051 1161 1102 natura·

55 1121 100 1184 lia
122 1123 213 1188 bona
235 1121 359 1206 absque
380 1119 544 1185 virtutum
563 1120 786 1195 ornamentis,
809 1136 937 1206 partem
952 1119 1093 1183 humani
1107 1141 1161 1206 ge·

57 1203 148 1268 ueris
171 1201 291 1278 unam,
322 1225 406 1289 quae
428 1217 509 1292 typo
530 1203 696 1268 fatuarum
719 1204 845 1290 quippe
866 1201 1037 1288 virginum
1059 1201 1162 1268 conss·

57 1302 213 1372 guntur,
245 1287 469 1364 reversuram
501 1288 543 1350 ad
563 1286 666 1372 ipsam
688 1307 769 1350 vero
793 1286 1079 1360 excelsitudinem,
1119 1287 1161 1351 sd

57 1391 157 1455 quam
178 1371 299 1444 homo,
324 1369 439 1433 finon
461 1386 632 1456 peccaret,
656 1370 846 1436 ascensurus
860 1367 962 1446 esset,
985 1373 1050 1434 hoc
1065 1367 1161 1433 estad

57 1451 353 1538 participationem
374 1454 520 1517 summas
542 1452 964 1539 sapientiaeomniumque
985 1452 1161 1528 virtutum,

57 1556 158 1632 quam
181 1534 473 1620 participationem
497 1535 592 1610 dico,
615 1535 783 1602 deificatio
805 1551 839 1600 ct
854 1533 1094 1621 contemplatio
1105 1555 1162 1598 ve·

57 1617 167 1682 rttatis
196 1615 364 1704 sequitur,
400 1621 535 1683 alteram
565 1621 732 1684 humanae
758 1617 1001 1684 numerositatis
1021 1633 1161 1704 partem,

58 1705 156 1781 cujus
170 1719 173 1726 ’
187 1701 373 1782 symbolum
406 1702 450 1765 est
473 1702 645 1790 quinarius
665 1703 885 1790 prudentium
908 1701 960 1765 vir
986 1701 1079 1765 'num
1100 1716 1162 1764 nu·

57 1805 188 1856 merus,
218 1783 458 1849 sublimandam
487 1787 574 1849 ultra
603 1785 716 1850 omnia
739 1789 827 1850 bons
849 1799 966 1850 natura
981 1783 1032 1858 ia,
1067 1800 1100 1864 et
1121 1786 1162 1848 ad

57 1865 246 1951 spirituales
273 1866 409 1951 nuptias
439 1869 546 1950 sponsi
578 1869 627 1929 sui
650 1869 686 1931 in
708 1885 861 1932 naturam
882 1890 952 1932 non
974 1867 1162 1953 incongrue

58 1949 279 2030 cxillirnatur3
314 1951 357 2010 ad
384 1969 465 2032 quas
486 1969 587 2010 nemo
609 1947 867 2022 intromittitur,
897 1951 958 2014 nisa
981 1949 1164 2036 sapientiae

57 2033 135 2096 luce
151 2029 332 2113 resulgens‚
357 2027 531 2114 divinique
549 2029 668 2094 amoris
686 2029 1007 2095 inflammationibus
1026 2033 1162 2106 ardens;

57 2134 145 2200 quae
168 2113 254 2184 duo,
277 2108 473 2196 sapientiam
496 2110 572 2176 dico
597 2127 630 2174 et
652 2113 866 2186 charitatem,
889 2113 1098 2199 pinguedine
1119 2113 1164 2177 ss·

57 2193 209 2282 pientiae
232 2207 265 2256 et
286 2192 429 2257 actionis
450 2193 667 2270 nutriuntur3
702 2211 736 2258 st
757 2199 798 2260 ad
820 2217 873 2260 cas
893 2219 941 2260 nu
969 2195 1031 2259 tias
1050 2197 1165 2261 nullus
1244 2241 1270 2258 ..

58 2276 220 2342 scientiae
250 2275 452 2341 erectionis
480 2297 614 2362 expers,
648 2279 798 2363 quamvis
829 2219 1036 2342 naturaiibus
1064 2278 1164 2344 honis

60 2359 277 2448 integerrimo
309 2375 342 2422 et
370 2361 595 2448 pulcherrime
627 2360 795 2437 floruerit,
830 2362 948 2426 sinitur
977 2363 1163 2439 ascendere,

61 2445 118 2508 sed
150 2442 291 2507 omnino
321 2443 361 2506 ab
390 2443 438 2506 eis
467 2443 657 2508 secluditur.
701 2446 777 2512 Non
815 2444 905 2508 enim
937 2443 1019 2509 illuc
1046 2461 1166 2509 nutura

62 2531 243 2590 humanam
273 2539 421 2588 mentem
453 2525 622 2600 sublevat,
656 2528 711 2591 sed
733 2527 836 2613 gratia
859 2543 893 2591 et
913 2528 1078 2592 mandatis
1100 2527 1167 2593 Dei

61 2608 276 2674 obedientiae
296 2607 502 2693 purissimae,
534 2625 696 2693 quantum
719 2609 754 2674 in
776 2613 839 2674 hac
860 2609 930 2672 vita
953 2613 1068 2684 datur,
1100 2609 1166 2676 Dei

62 2714 123 2778 par
153 2692 284 2756 literam
313 2705 346 2751 et
378 2705 559 2752 creaturam
594 2691 799 2778 cognitionis
820 2691 977 2755 meritum
1000 2693 1164 2759 subvehit.

63 2783 198 2840 lntuere
227 2773 341 2858 itaque
371 2775 470 2850 hujus
499 2775 674 2857 parabolae
703 2776 906 2851 medullam,
941 2789 975 2838 et
994 2779 1189 2861 quomodo

687 621 787 695 rolis,·
820 624 1187 707 terrenarumque'reg
1300 691 1302 701 ‚

63 2857 240 2922 transitum
262 2853 344 2920 iacit
365 2857 406 2918 de
428 2875 549 2938 genere
570 2858 611 2919 ad
634 2856 795 2943 speeiem,
825 2859 1106 2953 quemadmodum
1127 2857 1164 2923 iu
1281 2926 1285 2936 ,

63 2941 212 3038 praefata
241 2939 396 3024 parabola
426 2939 467 3000 de
501 2939 632 3001 duobus
660 2937 738 3002 filiis
758 2954 861 3026 patras
884 2940 933 3004 sui
954 2940 1165 3016 substantiam

65 3039 154 3088 anter
186 3023 217 3086 se
248 3019 481 3107 partientibus.
525 3023 563 3084 ln
587 3041 623 3084 ea
645 3021 804 3108 siquidem
828 3020 931 3086 totius
977 3023 1084 3088 eneris
1106 3027 1167 3088 hu·

66 3106 157 3171 mani
186 3103 349 3190 generalis
377 3101 504 3167 reditus
532 3101 659 3188 primo,
691 3103 815 3169 deinde
841 3045 992 3190 speciaiis
1021 3105 1165 3172 Gentilis

66 3188 185 3276 populi
207 3187 453 3252 conformatur:
477 3185 513 3250 in
534 3189 598 3250 hac
619 3201 729 3251 autem
743 3185 960 3252 fimilitudine
975 3209 1035 3274 per
1050 3191 1165 3254 decem

66 3271 215 3358 virgines
238 3269 370 3334 obviam
393 3268 511 3356 sponso
533 3285 711 3343 exeuntes,
738 3269 841 3335 totius
863 3274 1029 3336 humanae
1051 3293 1167 3338 nume·

66 3353 208 3419 rostratis
238 3352 399 3439 generalis
430 3355 471 3415 ad
498 3351 672 3437 pristinum
707 3368 846 3416 naturae
867 3353 983 3418 ilatum
1005 3357 1165 3434 reversim

68 3435 218 3524 specialis
250 3451 361 3502 autem
387 3455 448 3520 per
476 3433 625 3520 quinque
653 3439 834 3520 prudentes
856 3437 1008 3502 omnium
1030 3439 1167 3503 Sancto·

69 3543 152 3585 rum.
196 3518 331 3604 Species
361 3517 451 3580 enisu
471 3516 610 3580 humani
632 3517 762 3604 generis
785 3519 828 3582 esi
849 3521 1031 3586 electorum
1052 3543 1169 3586 nume·

68 3625 142 3678 rus,
174 3625 243 3668 non
267 3601 372 3665 solum
394 3603 435 3664 ad
457 3599 632 3686 antiquum
655 3617 794 3664 naturae
814 3601 1019 3688 principium
1039 3604 1167 3670 reditus

69 3685 106 3832 {l
129 3684 378 3856 ,5ξῶῗῖἝέ
391 3682 897 3852 ῑῖᾚὲἒὶῗῖἶὲ’ςᾚέἳὲῗιὲῖἑῗῖἲ
913 3687 1167 3836 tlzlllllll

69 3851 218 3916 finnatur
239 3850 407 3925 ascensus3
437 3869 553 3913 omnes
574 3849 699 3936 quippe
720 3849 756 3914 in
778 3815 985 3936 paradisum,
1016 3868 1056 3916 ut
1076 3873 1168 3938 prae-

74 3933 236 4009 diximus.
259 3935 336 3999 suut
358 3931 538 4016 reversuri3
560 3932 616 3996 sed
636 3953 707 3996 non
732 3953 849 3997 omnes
871 3934 965 4021 ligno
986 3935 1075 3999 sitae
1090 3935 1168 3998 sunt
1292 3943 1296 3950 '

74 4015 227 4091 sruituri;
259 4019 313 4082 vel
341 4031 431 4082 certe
460 4035 576 4080 omnes
599 4017 640 4080 de
660 4015 754 4102 ligno
774 4015 863 4081 ritas
884 4019 962 4083 sunt
986 4015 1165 4101 accepturi,

74 4097 130 4163 sed
150 4121 221 4166 uon
243 4100 432 4198 aequaliter.
464 4099 549 4164 Nam
572 4113 608 4162 et
625 4096 789 4163 naturalia
810 4102 922 4176 bona‚·
939 4121 1081 4198 quorum
1098 4120 1168 4165 om·

75 4201 134 4247 nes
165 4183 345 4270 sequshter
363 4181 542 4270 participes
562 4197 679 4259 arunt,
697 4183 856 4250 sructura
875 4183 961 4270 ligna
983 4181 1075 4246 vitae¹
1093 4183 1167 4262 csse,
1245 4187 1249 4199 '
