3038 4832
305 229 379 306 aaa
630 227 687 300 ne
706 172 890 304 nemea
907 225 1083 304 Notae.
1156 216 1181 255 '·

307 413 403 505 tigit,
429 413 501 515 ifle
521 432 658 502 quoque
675 413 813 506 simplex
831 415 1043 504 impliciter,
1073 417 1142 482 hoe
1163 412 1226 492 est,
1256 413 1429 480 nniversa-

307 501 357 566 lee
385 498 620 571 universaliter
652 499 801 566 rationes
822 501 1004 567 vifibitium
1028 498 1124 568 omni
1144 499 1316 587 phantalia
1335 499 1429 564 abso·

308 587 412 658 lutam
425 583 530 670 inque
545 583 910 682 lemetipfia'puriffime
927 582 1143 651 ac-veriffime
1163 581 1353 670 perspectae
1367 599 1432 670 pet

308 667 461 735 medium
475 681 609 732 motum
627 689 739 754 primo
757 669 867 734 motui
888 667 1078 744 renunciat.
1100 667 1174 764 {pie
1194 689 1275 732 vero
1297 667 1432 753 primur

244 759 251 774 '
290 757 442 826 'anotua⁹
473 753 702 838 quodcunque
734 773 774 816 ex
802 752 903 818 tertio
931 775 992 851 per
1017 753 1207 846 medium„
1226 766 1260 814 et
1289 773 1329 816 ex
1352 749 1430 837 ipso

307 834 423 902 medio
443 833 639 907 immediate
660 835 696 898 in
719 836 1009 902 moderatibmbue
1024 858 1138 900 rerum
1155 849 1341 900 creatarum
1355 856 1433 920 per·
1498 907 1499 914 ἵ

309 918 415 1018 cipit,
447 939 509 1006 per
539 917 684 1004 seipsum
719 918 915 984 immediate
936 917 1114 1006 incognito
1137 918 1274 1016 guidem
1296 917 1432 1004 (incog-

309 1019 385 1070 mto
407 1023 490 1066 vero
511 1005 605 1088 quod
627 1001 723 1066 cansa
745 1001 901 1067 omnium
922 1003 982 1078 est)
1027 1002 1249 1090 rincipueque
1271 1001 1431 1066 omnium

308 1108 441 1160 rerum,
469 1088 537 1150 hoe
570 1085 634 1160 en,
666 1085 913 1172 principalibus
935 1027 1038 1150 cauiie
1059 1090 1099 1151 ab
1120 1107 1164 1156 ¹eo
1185 1084 1275 1154 etin
1297 1105 1340 1150 eo
1362 1084 1431 1148 fae

310 1168 374 1261 tia,
397 1175 432 1236 et
454 1189 472 1232 a
492 1167 527 1232 se
549 1167 731 1234 distributis
752 1170 873 1245 refert,
895 1172 962 1238 hoc
985 1168 1044 1242 est,
1068 1190 1087 1232 a
1107 1173 1181 1236 Deo
1202 1190 1263 1256 per
1283 1165 1371 1254 ipfae
1390 1168 1430 1231 in
1498 1187 1499 1194 ¹

309 1250 427 1320 omnia
449 1273 536 1340 qnae
557 1253 629 1338 post
648 1251 682 1316 se
703 1253 801 1329 sunt,
823 1255 1035 1340 procedere,
1059 1266 1094 1316 et
1114 1251 1238 1316 iterum
1259 1274 1320 1338 per
1341 1251 1432 1338 ipsas

309 1335 348 1402 in
368 1333 481 1422 ipsum
501 1333 665 1433 intelligit
683 1357 865 1402 recurrere.
907 1335 1048 1420 Animae
1069 1333 1175 1422 igitur
1190 1350 1352 1422 purgatae
1369 1357 1433 1422 per

306 1418 500 1498 actionem,
522 1419 733 1484 illuminatae
755 1417 1031 1506 perimendam,
1045 1418 1225 1517 ¹perfectae
1246 1441 1307 1504 per
1318 1421 1432 1484 Theo·

309 1505 344 1572 lo
370 1501 437 1568 'am
456 1518 591 1588 motae,
616 1523 684 1589 quo
708 1503 838 1589 semper
859 1501 948 1568 cirea
967 1507 1079 1566 Deum
1095 1499 1312 1588 incognitum
1327 1518 1434 1566 aeter·
1498 1577 1499 1580 Ἴ

309 1525 435 1652 naiiter
454 1585 622 1662 volvitur,
643 1587 733 1650 ultra
754 1602 789 1650 et
809 1586 902 1650 suam
924 1601 959 1650 et
980 1584 1135 1662 omnium
1148 1607 1261 1650 rerum
1271 1599 1433 1650 naturam

310 1668 422 1768 ipsum
443 1671 556 1734 Deum
577 1668 719 1738 omnino
742 1669 931 1734 absolutum
957 1671 997 1732 ab
1024 1667 1201 1743 omnibus,
1225 1691 1310 1754 quae
1331 1683 1367 1733 et
1378 1667 1435 1732 di·

197 1813 203 1836 ,
312 1774 346 1818 er
374 1767 409 1816 et
429 1749 577 1838 intelligi
598 1751 751 1838 poliunt,
779 1773 916 1816 necnon
939 1749 1117 1824 omnibus,
1155 1772 1326 1836 quaenec
1348 1751 1432 1826 dici,
1498 1775 1499 1796 ¹

309 1835 382 1900 nec‘
397 1833 545 1922 intelligi
564 1835 719 1920 polluat,
743 1849 777 1897 et
798 1849 911 1898 tamen
935 1835 1185 1920 quodammodo
1209 1834 1306 1910 lunt,
1329 1833 1433 1899 intel·
1498 1851 1499 1896 1

295 1917 438 2004 ligem.
471 1939 617 2004 eumque
647 1918 710 1982 effe
740 1916 870 2004 aliquid
892 1939 1026 1990 eorum,
1061 1916 1265 2002 quaesunt,
1302 1932 1336 1980 et
1358 1939 1435 1982 non
1498 1919 1499 1932 ¹

311 2003 392 2068 sunt
414 2003 605 2088 denegans,
630 2016 664 2064 et
685 2000 800 2066 omnia
823 2023 909 2088 quae
931 2004 972 2064 de
993 1999 1067 2085 ipso
1083 1998 1335 2087 praedicantur,
1357 2022 1434 2066 non
1498 2027 1499 2044 ¹

311 2107 375 2172 pro
400 2083 449 2148 rie
471 2085 530 2149 sed
550 2084 748 2150 translative
771 2087 813 2148 de
829 2105 875 2164 eo
896 2083 1083 2171 praedicari
1104 2085 1312 2169 approbane·‚
1334 2083 1433 2160 νοῦς,
1498 2091 1499 2096 ’

312 2191 332 2233 a
390 2167 516 2242 meeis,
549 2191 567 2232 a
599 2168 716 2234 nostrie
739 2167 933 2233 intellectus
955 2169 1010 2231 vel
1034 2165 1166 2231 animus
1187 2168 1244 2230 vel
1264 2189 1360 2232 mene
1384 2167 1436 2234 di·

310 2250 418 2327 eitur,
442 2267 477 2314 et
497 2251 754 2316 substantialiter
774 2251 836 2325 est,
862 2267 896 2315 et
911 2249 1107 2336 principalis
1123 2273 1198 2336 pare
1218 2249 1350 2316 animae
1368 2252 1435 2328 elle

310 2332 526 2418 intelligitur.
558 2335 639 2398 Non
668 2331 760 2398 enim
786 2335 879 2398 aliud
902 2335 945 2397 est
966 2333 1097 2398 animae
1119 2333 1333 2398 effentialiter
1354 2337 1433 2412 elle,
1498 2343 1499 2346 ’

312 2431 348 2482 et
376 2413 633 2479 substantialiter
659 2414 801 2482 moveri.
843 2417 917 2514 lpse
948 2417 971 2481 fi
997 2416 1110 2482 uidem
1133 2415 1171 2480 in
1190 2417 1340 2482 motibus
1362 2418 1434 2483 [uie

311 2497 470 2574 subsistit,
500 2497 618 2585 suique
645 2513 759 2562 motus
787 2499 825 2562 in
854 2500 925 2587 apsa
945 2440 1138 2578 suiafistunt,
1176 2501 1219 2564 est
1243 2500 1335 2564 enim
1358 2499 1434 2567 lim·

335 2583 390 2646 lex
413 2597 533 2645 natura
555 2597 589 2646 et
610 2579 810 2656 individua,
834 2599 1059 2670 motuumque
1080 2585 1216 2648 luorum
1238 2585 1433 2650 [ubstantia-
1498 2603 1499 2620 ¹

310 2607 403 2731 iibue
422 2663 622 2730 differentiis
636 2665 849 2733 solummedo
862 2665 1015 2745 discreta,
1036 2667 1319 2732 Namsrcoelestee
1329 2670 1434 2734 effen·

312 2747 387 2825 tiae,
412 2766 493 2847 quae
519 2749 674 2813 coelestes
695 2748 839 2816 virtuter
856 2747 1100 2848 Angelicisque
1117 2749 1235 2815 divina
1248 2738 1433 2818 nominant

211 2912 214 2921 Ι
312 2830 1430 2920 eloqu1a‚nilaliudeffesubstantialiterasanctrepatribustraditur,
1498 2861 1499 2864 ¹

312 2913 634 3001 nisiintelligibilee,
653 2929 819 3004 avernos,
837 2915 1435 3005 incellabileequemotuecircaprim

312 2999 443 3086 cipium
459 2997 624 3074 omnium,
643 3019 662 3060 a
702 3018 759 3072 uo,
776 3013 810 3064 et
825 3018 885 3083 per
903 3021 1014 3084 quem,
1031 3015 1065 3061 et
1074 2997 1110 3062 in
1120 3021 1199 3084 quo,
1220 3015 1254 3062 et
1265 3005 1308 3064 ad
1317 3024 1429 3087 quem,

311 3099 349 3150 et
377 3075 560 3148 inoventur
590 3097 625 3146 et
653 3081 691 3144 [u
715 3081 828 3146 sistunt
849 3081 907 3158 (est
928 3080 1019 3146 enim
1041 3081 1099 3144 ille
1123 3079 1294 3147 circularis
1315 3103 1430 3150 motat
1498 3101 1499 3108 ’

311 3165 505 3232 coelestium
526 3165 692 3228 virtutum
715 3163 803 3228 circa
825 3165 923 3228 [uum
943 3163 1171 3252 principium,
1210 3167 1250 3230 ab
1274 3189 1316 3231 eo
1338 3169 1429 3234 vide·

309 3249 394 3314 licet
412 3264 454 3337 ut
474 3271 492 3312 a
537 3247 707 3344 rincipim
729 3247 943 3334 peripsum,
967 3263 1000 3311 et
1019 3269 1079 3345 per
1100 3247 1250 3312 rationes
1273 3249 1348 3315 luas
1370 3275 1429 3338 per

311 3331 424 3419 ipsum
437 3352 501 3396 con
531 3330 602 3406 tae,
617 3329 734 3417 inipso
744 3347 784 3395 ut
792 3331 829 3395 in
839 3331 970 3418 legibue
979 3331 1045 3394 iura
1054 3331 1275 3415 naturalibus,
1294 3333 1427 3420 quaein
1498 3359 1499 3406 2

311 3414 385 3502 ipso
406 3415 496 3489 sunt,
518 3429 676 3512 extraque
697 3435 779 3500 quae
804 3413 918 3502 egredi
945 3435 1010 3481 nec
1026 3415 1159 3492 volunt,
1181 3434 1247 3480 nec
1265 3417 1356 3502 poffe
1369 3437 1431 3483 vo·

112 3502 116 3510 ’
177 3579 178 3583 ¹
269 3501 410 3586 ΙΙιιηῑς
428 3495 465 3563 in
485 3496 596 3596 igsum
611 3519 739 3595 quippe
753 3498 843 3564 utin
859 3499 964 3564 finem
978 3499 1241 3582 suumredeunt,
1259 3517 1294 3563 et
1308 3500 1343 3564 in
1359 3501 1429 3566 [ola

309 3579 549 3669 intelligentie.
567 3581 643 3646 talte
671 3597 785 3646 motus
808 3583 872 3660 est;
902 3580 1102 3668 intelligunt
1123 3581 1268 3647 enimse
1290 3585 1331 3647 ab
1353 3583 1428 3670 ipso

310 3667 393 3742 elle,
417 3682 452 3729 et
470 3687 533 3752 per
553 3663 566 3728 i
592 3664 684 3740 sum,
708 3680 745 3729 et
761 3663 801 3744 in·
821 3665 895 3753 ipio
911 3664 1124 3732 intellectum
1140 3666 1238 3732 [uum
1250 3667 1429 3745 exemeri,
1498 3677 1499 3700 ¹

311 3763 347 3813 et
375 3751 510 3822 nullum
542 3688 647 3814 alium
674 3747 780 3816 finem
808 3765 941 3838 praeter
965 3751 999 3814 le
1020 3751 1142 3814 hahere
1161 3771 1235 3816 non
1255 3749 1429 3838 ignorant)
1498 3767 1499 3790 ¹

246 3873 252 3892 ,
311 3829 544 3986 Βηέᾱῆοδίὶεῑιιῑὲ
560 3855 606 3930 ne
626 3831 777 3982 fimgliter
797 3831 1026 3982 intlelljgamue
1047 3837 1215 3984 hugnansoa
1233 3831 1430 3981 inttelleetua
1498 3907 1499 3922 χ

309 3937 486 3982 menen
563 3936 613 3982 etr
707 3939 1144 3994 eumvv1,uuma1
1247 3938 1266 3982 e
1378 3943 1429 3983 ι·

309 3999 405 4078 sum,
435 4015 470 4064 et
489 3997 527 4066 in
538 3935 653 4096 iniec:¹
675 4015 710 4065 et
730 4003 774 4066 ad
792 3939 904 4088 ipim
925 3939 1029 4069 siim?
1057 3940 1367 4089 Eodeinoriamqirir.
1377 3943 1431 4068 iii·

310 4079 483 4172 telligibili
516 4085 644 4150 cuculo
666 4083 872 4164 volvuntur,
905 4083 1100 4176 praesertim
1121 4081 1341 4153 cumdivina
1362 4085 1431 4152 elo·
1498 4097 1499 4136 3

312 4165 592 4272 qma2hominem
611 4169 656 4272 etl
674 4166 859 4260 imaginem
874 4169 941 4267 Dei
955 4171 1083 4244 factum
1096 4162 1308 4258 peniteant.
1331 4171 1428 4260 *1⁹⁰³
