2952 4824
284 256 359 335 102
451 215 463 227 ρ
619 252 878 332 venustiore
896 249 1072 326 Nostrae.

237 395 242 406 ⁸
287 437 436 508 Christus
455 437 599 510 munuc
619 457 737 507 omnen
760 423 1006 504 intellectuales
1029 435 1184 502 essentiae
1200 433 1406 522 baseprrabi·

182 593 185 596 ,
285 525 364 590 liter
395 525 589 590 adbaerent.
632 525 759 588 Nonne
787 524 889 610 plane
917 521 1015 587 ridet
1047 529 1182 586 omnem
1205 535 1408 593 creaturam,

286 599 517 694 intelligibiles
540 607 618 674 dico
633 605 866 692 sensibilesque
877 606 1073 690 mediaeque
1087 619 1235 678 naturae,
1257 603 1294 666 in
1306 600 1409 668 Chri·

286 691 333 756 sto
361 691 569 755 adunatam?
599 693 704 778 Quod
730 690 894 755 conclufit
921 687 1070 754 breviter
1100 687 1256 775 Magister
1277 685 1411 762 dicerer,

290 796 387 838 meam
404 769 630 867 subsistentem
640 771 745 864 fimus
764 795 888 840 omnem
910 785 1115 846 creaturam,
1152 767 1244 862 quusi
1265 772 1411 854 aliquem

287 861 469 933 bominem,
490 862 638 940 partium
649 854 788 950 seronem
809 851 911 950 adse
932 860 1071 922 invicem
1092 858 1181 920 coitu
1201 855 1412 935 complexam

286 940 482 1024 ostendens,
509 956 545 1006 et
570 941 617 1004 od
635 936 785 1035 seipsam
808 946 989 1006 intuentem
1007 961 1069 1023 per
1088 935 1317 1029 uniuerfitatis
1327 931 1413 1032 sub·

277 1025 473 1117 stantionsr
496 1028 599 1113 iuxta
624 1049 721 1090 unam
750 1039 785 1090 et
806 1023 992 1116 fimpsieem
1018 1037 1052 1086 et
1075 1016 1317 1120 indiffimbilem
1328 1016 1415 1116 sub·

277 1110 447 1205 stantium
476 1135 519 1174 ex
555 1133 595 1174 eo
612 1111 784 1195 quorsumn
807 1107 855 1200 est
877 1109 1087 1173 deductionis
1107 1121 1140 1169 et
1162 1103 1411 1192 mdifferentem

287 1198 443 1260 amcitiam
454 1213 557 1372 :sper
576 1215 672 1278 quum
694 1215 791 1256 unum
813 1193 1011 1277 eandemque
1031 1193 1136 1256 omnis
1155 1207 1310 1252 ereatura
1330 1193 1414 1286 reei-

286 1290 490 1435 rrnr,
523 1274 656 1448 atat?
671 1274 1416 1442 renerumerrent:

242 1463 245 1472 ’
288 1445 357 1509 lem
389 1443 608 1542 Magistrum,
652 1444 841 1508 Maximum
874 1443 972 1517 dico,
1005 1439 1336 1538 secuti·,·qbantum
1369 1441 1415 1504 ad

237 1605 239 1610 Ι
288 1527 473 1614 praesentia
504 1527 704 1614 quaestionis
741 1526 865 1592 attinet
884 1549 929 1591 ne
954 1524 1062 1589 otium
1085 1526 1249 1597 daxrmue3
1287 1537 1323 1585 et
1342 1525 1415 1600 jem

203 1658 205 1666 ,
291 1612 336 1676 ad
357 1607 587 1698 propositum,
617 1609 654 1675 id
676 1610 740 1686 esi,
770 1612 813 1674 ad
836 1631 910 1674 earn
930 1549 1074 1676 sormam
1094 1603 1292 1670 universalis
1311 1627 1337 1668 n
1362 1620 1416 1668 tu·

288 1715 476 1842 {tratti
492 1709 536 1839 {i
553 1687 1415 1858 belteil?atiltlfl'ffllllntl:

291 1858 404 1925 dicere
433 1821 690 1946 proposuimus,
724 1859 750 1923 fr
779 1821 847 1923 tibi
864 1857 1003 1922 videtur
1022 1858 1245 1950 redeundum.
1287 1857 1332 1917 D.
1356 1852 1415 1917 Vi·

291 1945 428 2006 deretur
449 1943 566 2038 plane,
604 1944 691 2008 fide
714 1940 918 2028 quibusdem
941 1961 1027 2026 quae
1049 1937 1085 2002 in
1107 1935 1289 2024 praedictio
1309 1935 1424 2022 ratioy

290 2025 392 2089 nibus
416 2025 518 2090 -drcta
548 2019 626 2089 sunt
659 2023 835 2112 (quoniam
865 2023 1012 2087 multum
1034 2021 1265 2096 memorent)
1289 2015 1415 2083 clarius

294 2109 499 2194 explanaret.
542 2107 591 2174 M.
622 2107 689 2173 Dic
716 2105 803 2170 mibi
832 2127 918 2192 quae
945 2105 1023 2168 sunt
1043 2103 1120 2179 illa,
1156 2123 1241 2188 quae
1262 2101 1354 2166 inter
1376 2123 1415 2166 ea

291 2211 378 2278 quae
400 2211 418 2253 a
439 2211 495 2254 me
518 2191 726 2266 dictasunt,
749 2191 848 2252 valde
872 2200 1086 2263 removent,
1121 2206 1334 2274 quorumque
1358 2205 1414 2251 ex·

290 2272 523 2360 planationem
543 2293 686 2370 popcere
708 2270 844 2370 uideris.
1169 2349 1178 2366 ι
1271 2311 1279 2314 -
1305 2325 1308 2334 ,

293 2356 796 2510 turultllfllltlftt
811 2351 1275 2509 treffleflltllttt
1293 2349 1415 2498 istit:

274 2541 367 2582 =rurn
396 2517 532 2582 videtur
564 2517 621 2581 seu
643 2517 860 2604 ambiguum,
889 2533 1021 2604 praeter
1040 2514 1190 2585 hominio
1213 2515 1415 2592 divisionem

199 2625 205 2632 ·
293 2601 383 2665 inter
403 2601 590 2665 marculum
613 2616 647 2665 et
669 2600 870 2677 foeminam
904 2621 1045 2687 eamque
1066 2621 1138 2664 non
1161 2600 1332 2686 exprime
1354 2603 1414 2664 ho·

172 2709 175 2716 ·
293 2682 396 2748 minio
418 2681 619 2747 conditione
640 2686 682 2748 ad
703 2683 886 2770 imaginem
910 2683 992 2757 Dei,
1014 2683 1072 2747 sed
1094 2705 1133 2746 ex
1151 2682 1415 2770 poenapeccati

292 2763 487 2854 processisse.
547 2769 740 2853 lterumque
779 2765 851 2852 poll
886 2765 1097 2829 catholicam
1134 2765 1415 2830 resurrectionem

293 2849 448 2914 omniurn
473 2869 671 2934 corporum,
696 2849 782 2934 quae
804 2848 840 2912 in
866 2848 935 2912 fine
955 2848 1076 2912 mundi
1098 2848 1212 2912 sutura
1231 2847 1285 2922 est,
1307 2848 1415 2934 ipsam

200 2999 206 3010 ,
293 2931 492 2996 divifionem
520 2953 592 2996 non
621 2931 764 3018 amplius
794 2931 1063 3016 permansuram,
1100 2931 1157 2995 sed
1186 2931 1223 2994 in
1246 2931 1415 2996 unitatem

294 3013 520 3102 primordialia
543 3030 682 3080 naturae
702 3015 929 3085 reversuramt
980 3013 1033 3076 uis
1056 3013 1147 3080 enim
1171 3014 1250 3078 talia
1272 3015 1415 3080 audiens

291 3117 364 3164 non
393 3113 593 3184 erpaveecat
607 3145 631 3174 ‚„
649 3097 891 3183 confestimque
911 3095 948 3159 in
958 3035 1175 3164 (ineeverba
1196 3113 1413 3184 prorumpet:

293 3183 372 3246 Non
405 3201 484 3244 ero
517 3181 589 3266 post
608 3180 888 3244 resurrectionem
911 3179 1053 3244 maseuli
1075 3195 1109 3243 et
1130 3180 1299 3244 foeminae
1321 3181 1415 3244 futu·

288 3285 350 3328 ‚rue
372 3264 416 3327 est
437 3203 558 3327 ficitur?
581 3263 605 3326 st
626 3279 769 3350 uterque
789 3263 926 3348 penitus
950 3263 989 3326 ab
1009 3266 1157 3326 humana
1171 3263 1342 3328 auferetur
1356 3287 1414 3328 na·

294 3363 379 3411 tura.
423 3349 466 3408 rit
485 3343 595 3431 qualis
616 3347 724 3410 forma
745 3345 782 3409 in
805 3345 945 3410 homine
962 3346 1153 3432 apparebit,
1175 3347 1415 3411 linemomae·

269 3429 363 3502 „culi
385 3427 443 3491 scu
463 3427 633 3492 foeminae
655 3449 778 3514 corpur
799 3429 975 3505 habuerit3
999 3445 1058 3492 aut
1076 3428 1183 3516 qualis
1197 3429 1324 3516 poterit
1338 3429 1415 3493 fieri

195 3591 196 3599 ἵ
293 3509 466 3598 cognitio,
489 3511 513 3574 fi
534 3510 711 3598 utriusque
732 3513 826 3576 sexue
847 3512 1011 3576 suturafit
1028 3512 1283 3589 exterminatio,
1305 3512 1416 3600 inque

294 3593 478 3680 simplicem
511 3593 796 3682 indiecretamque
832 3597 1016 3660 formarum
1037 3595 1267 3660 differentium
1288 3599 1416 3661 aduna-

295 3675 424 3742 tionem
447 3677 601 3756 omnium
622 3678 802 3743 hominum
825 3677 1038 3765 coagulatio,
1069 3680 1136 3744 five
1157 3678 1340 3766 spiritualia
1360 3679 1414 3744 in·

189 3797 195 3806 ·
294 3781 523 3846 corporeoque
554 3762 612 3825 feu
640 3759 778 3826 visibilia
806 3776 841 3826 et
870 3781 1049 3848 corporea,
1075 3765 1159 3829 loco
1192 3778 1228 3827 et
1261 3778 1418 3850 ternpore

294 3842 569 3941 circumscripta:
592 3859 626 3908 et
648 3843 771 3910 hocin
795 3845 954 3932 ambiguo
976 3867 995 3909 a
1016 3861 1051 3911 te
1070 3844 1335 3934 praetermissum
1357 3846 1414 3924 est,

295 3941 396 4014 atque
425 3926 657 3992 indiscussum.
708 3929 873 4016 Quemvis
907 3925 1058 4002 videaris,
1086 3930 1124 3994 in
1147 3925 1344 4017 corporibut
1365 3951 1418 3994 re·

296 4009 513 4076 surrectionis
553 4013 569 4074 f
578 4011 740 4078 ¹iritualea·
780 4011 985 4101 quantitatee
1001 4067 1006 4074 .
1024 4013 1281 4112 qualitatesque
1306 4011 1417 4100 mugio

297 4115 398 4181 quum
420 4037 610 4182 carporaiu
632 4097 769 4163 suadere
792 4096 856 4164 esse
877 4093 1024 4172 futuram
1046 4113 1086 4163 ut
1103 4119 1176 4163 non
1190 4101 1300 4162 dream
1309 4117 1416 4184 quan·

204 4207 210 4244 ;
298 4193 371 4243 tum
401 4179 486 4244 baec
518 4177 671 4246 doctrina
703 4179 859 4247 omnium
889 4194 947 4246 aut
975 4199 1064 4266 pene
1100 4181 1255 4252 omnium
1277 4179 1417 4248 ueni·
