3036 4862
1251 121 1271 156 δ

291 189 375 263 370
421 217 427 246 ι
616 188 672 257 sle
691 185 874 257 sliviaiotte
894 181 1068 256 Naum

205 373 206 378 ’
298 373 382 448 eain
398 363 678 460 piaedestinatum
692 371 872 438 numerum
885 365 1136 458 multiplicatio,
1151 388 1251 456 quam
1270 367 1342 456 posi
1356 389 1425 456 pa·

296 455 394 523 radis:
428 454 624 539 felicitatem
651 456 689 520 in
725 454 911 542 angelicam
939 452 1187 520 beatitudinem
1217 453 1426 538 sequeretur

297 538 488 613 translatio,
511 553 641 604 utnon
663 539 833 606 immerito
855 537 930 626 quia
952 537 1113 612 miretur,
1147 539 1320 624 quomodo
1342 535 1426 600 ani-

297 623 459 690 masiaco
503 623 616 687 orain
640 637 706 688 tam
730 622 855 687 excelsa
880 621 1092 686 beatitudine
1113 619 1228 684 vixisse
1249 617 1423 684 credibile

298 709 346 774 stt.
389 709 433 771 D.
495 726 552 768 um
585 705 675 771 inter
694 728 758 772 noa
780 725 858 769 cum
881 709 922 772 de
944 703 1144 770 conditione
1164 706 1332 767 humanae
1356 724 1424 768 na·

298 809 393 856 turae
423 788 693 876 disputabamua,
724 789 919 854 consectum
949 789 992 852 esi
1010 785 1195 853 hominem
1229 785 1266 858 in
1288 803 1423 884 genere

299 870 496 940 animalium
526 872 736 937 substitutum
759 873 870 948 fuisse,
901 871 971 936 imo
993 869 1094 936 etiam
1117 868 1231 935 omnia
1253 869 1421 933 animalia

299 954 554 1022 substantialiter
581 955 617 1020 in
648 955 712 1020 illo
737 971 866 1028 creata,
905 977 976 1022 non
1006 956 1111 1020 solum
1142 951 1420 1042 quodomnium

299 1039 423 1117 notitia
451 1038 561 1103 inerat
589 1037 640 1115 ei,
673 1061 790 1104 verum
823 1038 924 1103 etiam
956 1037 1035 1137 quia
1057 1037 1255 1102 universim
1275 1035 1423 1100 visibilia

252 1137 255 1145 '
302 1140 337 1190 et
356 1121 533 1190 invisbilia
555 1139 725 1188 creaturae
746 1123 782 1186 in
806 1143 846 1187 eo
869 1126 1006 1188 coudrta
1029 1122 1097 1186 ettt
1135 1122 1183 1184 M.
1207 1119 1423 1184 Confectum

324 1211 412 1273 lane.
454 1209 497 1269 D.
531 1205 625 1290 Quid
654 1227 732 1294 crgo
762 1205 888 1270 mirum
921 1207 978 1270 vel
999 1221 1060 1270 cut
1080 1201 1281 1269 incredibile
1300 1201 1360 1276 sit,
1397 1203 1422 1266 fi

299 1233 448 1356 Eumene
469 1309 609 1375 corpora
629 1289 824 1376 priusquam
846 1305 1026 1376 peccarent
1041 1288 1076 1352 in
1095 1287 1267 1375 paradiso,
1289 1284 1421 1352 anima·

216 1371 227 1384 “
300 1371 352 1440 lia'
375 1373 470 1438 fuisse
493 1371 667 1447 dicantur,
708 1371 851 1459 quaein
874 1393 997 1460 genere
1018 1371 1214 1436 animalium
1237 1368 1422 1434 constituta

300 1457 404 1522 sunts
436 1457 464 1526 E
498 1459 629 1521 duobur
658 1455 785 1542 quippe
812 1477 921 1521 unum
954 1454 1077 1542 eligere
1109 1453 1202 1542 cogit
1221 1473 1286 1518 noa
1305 1451 1419 1518 ratior

302 1557 360 1606 aut
389 1537 481 1604 enim
511 1561 555 1603 ne
580 1538 709 1602 abimuo
741 1539 882 1603 omnino
911 1538 947 1602 in
979 1559 1101 1626 genere
1130 1536 1328 1602 animalium
1349 1535 1421 1600 sac·

302 1615 393 1698 tum,
426 1561 598 1710 quomodo
626 1621 824 1707 negabimus
855 1622 999 1687 animale
1021 1643 1078 1686 cot
1104 1643 1142 1686 ua
1164 1619 1313 1686 habuisse
1334 1635 1419 1684 ante

301 1721 498 1795 peccatum,
528 1721 563 1769 et
591 1705 614 1770 st
639 1725 709 1767 non
732 1721 888 1790 peccaret
907 1703 1051 1792 potuisse
1073 1645 1145 1769 ieri
1167 1701 1330 1768 beatum?
1363 1705 1418 1766 M.

302 1796 409 1856 Acute
438 1788 576 1932 quidem
604 1785 838 1874 philospharia.
880 1791 1029 1852 Putarne
1049 1787 1164 1874 itaque
1185 1791 1296 1852 Deum
1316 1786 1416 1850 simul

267 1888 270 1897 '
303 1870 418 1938 omnia
462 1869 582 1935 coisses
612 1873 656 1934 D.
688 1873 760 1934 lmo
782 1873 883 1936 credo
906 1889 939 1936 et
960 1870 1127 1956 intelligo.
1171 1870 1296 1935 Omnia
1317 1867 1420 1956 siqui·

303 1959 380 2022 dem
401 1971 487 2040 quac
503 1957 692 2040 temporum
712 1953 898 2020 intervallis
912 1955 947 2020 in
965 1957 1094 2018 mundo
1110 1953 1419 2028 nascuntur,s1mul

304 2055 338 2105 et
367 2037 484 2113 semel,
519 2051 553 2100 et
582 2053 660 2101 ante
690 2041 858 2102 mundum
886 2053 920 2102 et
949 2057 1027 2102 cum
1062 2041 1192 2102 mundo
1215 2037 1303 2100 sacta
1327 2036 1420 2110 sunt,

303 2120 457 2210 quamvia
486 2141 557 2186 non
588 2119 682 2184 simul
715 2121 852 2186 divinae
874 2119 1111 2209 providentiae
1132 2118 1422 2203 adminisqutionc

296 2208 470 2272 mundum
499 2203 695 2268 senfibiliter
731 2203 954 2291 adimpleant,
988 2205 1043 2270 sed
1066 2203 1185 2268 ordine
1207 2219 1420 2290 temperatur

301 2287 454 2356 Domino
484 2286 638 2361 dicente,
679 2301 781 2368 puter
805 2311 894 2351 meus
922 2309 1021 2372 usqam
1054 2289 1150 2352 modo
1176 2301 1353 2366 operatur,
1384 2297 1419 2349 et

304 2395 365 2456 ego
390 2390 518 2452 operor.
561 2370 609 2430 M.
638 2371 744 2432 Recte
777 2368 938 2445 intueriu
976 2390 1058 2433 num
1083 2367 1145 2433 tibi
1166 2370 1302 2434 videtur
1323 2371 1419 2456 quod

302 2469 482 2542 propterea
514 2455 607 2515 Deua
635 2449 809 2515 hominem
841 2453 877 2517 in
907 2473 1030 2539 genere
1058 2451 1254 2516 animalium
1285 2451 1417 2526 fecerit,

305 2536 384 2624 quia
415 2533 512 2598 illum
534 2532 724 2597 animaliter
744 2534 914 2598 victurum
936 2534 1132 2620 praescivit,
1163 2535 1268 2622 inque
1288 2534 1421 2599 irratio·

303 2621 397 2685 naleo
425 2632 538 2682 mutue
569 2634 687 2679 eorum
707 2616 825 2682 relicta
847 2615 983 2682 divinae
1004 2618 1163 2704 imaginis
1184 2617 1420 2706 pulcritudine

304 2723 344 2767 ac
364 2699 531 2789 dignitate
551 2699 799 2764 casurums-D.
822 2699 1002 2765 Verisimile
1019 2702 1165 2766 videtur.
1209 2699 1305 2766 Fecit
1325 2699 1420 2766 enim

304 2787 417 2849 sutura
437 2781 496 2869 qui
516 2777 600 2846 secit
620 2781 734 2846 omnia
755 2783 861 2848 simul.
906 2787 954 2848 M.
978 2784 1150 2872 Quoniam
1160 2778 1278 2870 'igitur
1300 2785 1418 2849 desua

252 2907 254 2917 ι
302 2863 524 2955 praescientia
567 2885 631 2928 uae
652 2865 723 2929 salli
744 2888 814 2932 non
836 2869 953 2953 potest,
977 2860 1173 2932 certissimae
1195 2881 1286 2949 erat3
1314 2867 1417 2932 etiam

302 2949 398 3038 priua
426 2967 527 3036 qnam
582 2969 657 3013 omo
679 2965 852 3035 peccaret,
881 2950 1013 3038 peccati
1038 2949 1279 3038 consequentia
1299 2948 1336 3014 in
1355 2954 1417 3015 ho·

302 3033 397 3108 mine
426 3047 461 3098 et
482 3053 560 3096 cum
581 3031 722 3097 homine
742 3034 836 3096 simul
857 3033 1070 3099 concreavit:
1099 3051 1139 3098 ut
1158 3050 1225 3098 nec
1246 3031 1418 3098 immerito

304 3115 508 3191 aestimetur,
533 3135 649 3180 eorum
672 3135 758 3201 quae
778 3115 873 3181 simul
894 3113 1086 3182 inhomine
1104 3116 1295 3192 factasunt,
1338 3131 1416 3181 uae·

250 3229 252 3232 ·
305 3203 382 3265 dam
413 3198 551 3286 quidem
572 3212 711 3285 propter
732 3197 883 3262 divinam
904 3200 1109 3274 bonitatem,
1140 3209 1180 3264 ut
1200 3199 1278 3262 sunt
1299 3139 1355 3264 itia
1376 3197 1415 3264 in

304 3280 428 3370 quibua
456 3281 568 3366 imago
597 3279 756 3346 creatoris
786 3280 1004 3370 intelligitur,
1036 3285 1168 3348 animur
1200 3281 1359 3362 videlicet
1380 3299 1416 3347 et

303 3364 409 3439 ratio,
430 3364 612 3449 sensusque
631 3363 791 3438 interior,
814 3365 929 3430 velut
951 3365 999 3432 ita
1020 3367 1148 3441 dicam,
1171 3363 1324 3440 essentie,
1347 3365 1415 3430 vir·

304 3463 383 3531 tua,
411 3455 445 3512 et
475 3445 669 3532 operatio,
699 3449 839 3513 uaedam
870 3467 951 3514 vero
979 3465 1119 3537 propter
1140 3445 1301 3513 delictum
1323 3465 1416 3536 prae-

305 3529 426 3594 scitum
465 3543 565 3616 atque
593 3526 676 3596 certi
715 3548 769 3595 nte
800 3531 964 3596 futurum.
1012 3535 1121 3597 Multa
1152 3530 1243 3596 enitu
1267 3531 1413 3630 praescit

191 3661 193 3666 .
304 3615 415 3687 Deua,
459 3631 580 3678 uorum
601 3631 672 3678 non
694 3613 738 3676 en
756 3615 855 3680 eausa
869 3615 955 3701 ipse,
978 3613 1057 3703 quia
1074 3613 1414 3682 subtanttatnernen

305 3695 392 3760 sttnt.
433 3635 487 3758 ist
507 3709 619 3760 autem
639 3695 770 3782 sapiens
790 3698 899 3763 sector
919 3713 954 3762 et
973 3699 1169 3773 ordinatur,
1192 3699 1417 3765 neuniverfi·

304 3775 399 3844 tatia'
415 3777 680 3877 pulcritudinem
712 3783 928 3926 perturpent,
965 3790 999 3845 et
1026 3783 1113 3847 solua
1145 3779 1343 3870 potensest
1371 3785 1414 3847 de

281 3863 393 3928 -uaalo
413 3861 651 3928 irrationabilia
672 3883 715 3926 vo
730 3875 857 3929 tantatre
880 3865 988 3930 secere
1009 3867 1148 3930 bonum.
1184 3867 1278 3931 Haec
1300 3879 1413 3932 autem

307 3945 384 4036 sltqt
407 3946 649 4031 consequentia
678 3947 809 4032 peccati
830 3967 891 4034 pro
918 3961 968 4012 ter
987 3965 1182 4034 peccatum,
1215 3949 1413 4038 prittaquatu

305 4028 401 4128 fieret
430 4044 605 4114 peccatum
635 4031 675 4093 ab
694 4035 796 4128 'cujac
816 3971 1034 4180 praueicientiu
1054 4053 1125 4134 non
1147 4033 1275 4098 fallitur
1294 4034 1330 4098 in
1353 4038 1411 4098 lto·
1485 4083 1486 4086 ,

305 4127 413 4178 nnnc:
443 4127 476 4176 et
505 4133 581 4178 cum
609 4115 748 4236 hututqe
773 4129 882 4181 veutr
903 4131 994 4200 extra
1014 4117 1206 4192 hommem,
1240 4137 1280 4183 ac
1300 4118 1412 4204 super·
