2970 4826
262 359 267 374 ,
423 353 429 361 ,
497 283 606 358 later
620 242 791 369 'ortunae
1110 287 1194 364 4⁰6

72 470 121 534 ad
152 485 337 556 verperam.
381 465 474 554 Quid
503 469 547 534 ell
575 471 618 536 ad
646 491 838 556 vesperam,
867 470 933 540 nia
954 470 1033 559 qula
1053 472 1189 560 culpam
1286 509 1289 518 ·

71 554 173 618 suam
193 553 264 616 sero
283 551 475 638 cognoscit,
507 567 541 618 et
561 553 632 619 sero
655 553 751 619 venit
771 556 934 642 quaedam
956 555 1076 622 erroria
1120 577 1188 622 rae·

70 635 172 702 teriti
192 633 413 710 verecundia,
437 657 522 722 quae
538 657 682 702 errorem
696 636 894 724 praevenire
909 641 1079 706 debuerat.
1134 662 1189 708 aut

72 721 161 785 dum
183 719 282 806 culpa
303 718 411 783 servet
430 718 468 783 in
490 741 649 806 corpore,
674 737 709 784 ot
730 719 841 786 anima
863 719 1050 809 exagitatur
1071 741 1190 810 corpo·

73 801 124 868 ria
154 799 377 890 paffionibua,
411 801 638 890 non'cogitat
664 805 775 868 Deum
797 805 909 869 sensua
931 805 1090 880 errantia,
1122 809 1189 873 hoc

73 886 121 950 esl
154 907 226 950 non
258 885 355 950 audit
388 889 498 950 Deum
530 889 756 952 ambulantem
786 886 823 952 in
856 887 1027 987 scriptoria
1050 887 1198 966 divinia,¹

75 961 307 1034 ambulantem
338 968 375 1032 in
397 969 568 1034 mentibus
587 971 802 1058 singulorum.
845 971 941 1036 Dicat
962 971 1054 1038 enim
1075 975 1188 1040 Deua:

74 1075 183 1140 quum
212 1051 410 1118 inhabitabo
431 1052 521 1116 inter
541 1053 637 1128 illoa,
673 1069 706 1118 et
727 1054 816 1118 inter
838 1076 894 1120 eoa
917 1057 1117 1130 ambulabo,
1154 1071 1189 1122 et

74 1157 135 1202 ero
164 1135 302 1200 illorum
324 1139 427 1201 Deua.
478 1139 567 1224 Ergo
588 1157 666 1202 cum
687 1137 724 1201 in
746 1137 878 1204 animae
900 1139 1030 1204 sensum
1050 1137 1189 1206 redierit

73 1219 247 1308 potestatis
268 1219 415 1284 formido
437 1219 600 1295 Divinae,
633 1235 715 1286 tunc
737 1221 983 1297 erubeacimua,
1019 1237 1103 1287 tunc
1123 1243 1188 1288 noa

100 1302 233 1368 ellimua
266 1306 489 1368 abacondere:
523 1319 607 1368 tunc
626 1303 663 1368 in
710 1321 899 1370 eccatorum
922 1305 1107 1370 nostrorum
1128 1326 1190 1394 po·

75 1327 131 1452 dri
161 1385 443 1474 cogitationibus,
480 1385 517 1451 in
547 1387 660 1452 medio
685 1329 774 1474 ligni
796 1389 935 1474 paradisi
956 1387 1016 1452 ubi
1037 1387 1190 1474 peccavi·

74 1490 173 1545 mua,
215 1469 516 1556 deprehendimur,
551 1473 654 1534 latere
683 1472 881 1554 cupientea,
923 1485 957 1535 et
989 1471 1188 1536 arbitrantes

77 1555 172 1640 quod
193 1557 285 1618 Deua
306 1575 376 1618 nou
398 1553 547 1652 requirat
568 1555 732 1620 occulta.”
762 1557 800 1620 ln
823 1555 875 1619 hia
897 1553 1007 1619 verbia
1047 1552 1189 1620 raedicti

74 1635 221 1722 magistri
253 1637 406 1724 intellige
439 1627 742 1724 allud-lignum'in
765 1638 879 1704 medio
900 1578 1044 1724 paradisi
1061 1637 1097 1702 in
1119 1655 1188 1724 quo

75 1721 181 1784 latere
210 1721 242 1782 se
261 1721 352 1808 polle
373 1719 542 1808 fugientea
563 1721 844 1807 praevaricatores
867 1736 1087 1810 putaverant,
1115 1741 1189 1786 non

75 1803 252 1868 aliudesse
273 1804 335 1868 nisr
356 1807 523 1868 humanae
544 1805 761 1891 cogitationis
783 1821 817 1870 et
839 1803 1065 1870 conscientiae
1086 1803 1189 1870 secre-

75 1903 161 1953 tum.
205 1889 297 1962 „Sed
319 1887 498 1961 scrutator,
521 1891 650 1973 inquit,
672 1889 862 1954 animorum
885 1905 919 1952 et
940 1885 1189 1972 cogitationum

77 1975 241 2058 usquead
259 1969 457 2036 divisionem
475 1970 579 2033 animi
591 1987 783 2056 penetrant,
808 1969 908 2036 dixita
932 1973 1037 2034 Adam
1049 1969 1111 2034 ubi
1127 1969 1187 2034 eas

79 2057 262 2140 Quomodo
282 2053 435 2154 loquitur
461 2053 579 2117 Dena‘l
609 2077 680 2118 nun
706 2054 766 2118 uid
787 2073 873 2118 voce
894 2052 1081 2138 corporeas
1115 2072 1189 2117 non

76 2139 207 2226 utique,
225 2137 280 2202 sed
300 2152 428 2202 virtute
449 2137 593 2234 quadam
603 2075 850 2282 praeliantiore,
864 2158 963 2222 quam
985 2155 1053 2199 vox
1069 2155 1110 2198 co
1153 2153 1188 2198 o·

75 2221 123 2288 ria
143 2221 249 2309 potest
271 2221 350 2296 else,
373 2219 488 2284 sundrt
510 2239 612 2283 oracu
626 2241 653 2282 a.
692 2223 789 2283 Hanc
810 2239 929 2284 vocem
951 2222 1022 2298 ejua
1044 2238 1129 2304 prop
1157 2237 1189 2280 e·

76 2321 130 2369 tae
152 2304 350 2378 audierunt,
372 2305 461 2368 hanc
481 2323 601 2366 vocem
619 2301 735 2367 fidelea
752 2301 911 2378 audiunt,
934 2299 1033 2388 impii
1047 2321 1120 2364 non
1136 2298 1188 2363 in·

77 2380 268 2474 telligur'rt.”
326 2386 463 2451 Talium
492 2387 684 2450 sermonum
715 2385 875 2449 virtutem
906 2381 1058 2471 quiaquia
1085 2396 1189 2448 acute

78 2469 299 2559 perspexerit,
331 2467 487 2534 inveniet
505 2469 695 2555 paradisum
718 2491 788 2534 non
810 2468 952 2534 localem
974 2483 1190 2532 terrenumve

23 2569 27 2578 ’
79 2557 247 2644 quendam
275 2555 390 2618 locum
412 2553 475 2615 else
495 2553 728 2626 nemorosum,
764 2553 819 2617 sed
841 2551 1047 2638 spiritualem
1069 2547 1190 2636 germi-

78 2639 180 2704 nibua
201 2637 367 2700 virtutum
390 2635 553 2699 consitum
578 2650 612 2698 et
631 2635 667 2698 in
684 2639 832 2698 humana
845 2651 965 2699 natura
979 2637 1187 2719 plantatum:

79 2738 114 2786 et
133 2737 174 2783 ut
194 2719 341 2805 apertiua
365 2718 514 2793 dicatur,
537 2735 607 2780 non
630 2717 722 2780 aliud
740 2732 872 2802 praeter
884 2716 988 2802 ipsam
1005 2720 1190 2780 humanam

80 2803 292 2870 substantiam
316 2804 357 2866 ad
375 2798 560 2885 imaginem
582 2798 647 2860 Dei
671 2800 810 2874 factam,
840 2797 877 2862 in
902 2820 967 2885 qua
987 2797 1120 2884 lignum
1141 2795 1191 2862 vi·

82 2903 153 2960 tae,
176 2889 317 2950 verbum
338 2882 498 2948 videlicet
519 2880 623 2966 patria
646 2897 679 2944 et
700 2880 881 2967 sapientia,
917 2901 1054 2946 omnem
1074 2877 1190 2944 fructi·

79 2971 158 3036 sicat
179 2967 302 3032 ritarna
325 2965 362 3029 in
428 2969 480 3043 jue
495 2962 608 3026 medio
627 2963 703 3028 sone
719 2963 872 3028 omnium
887 2966 1055 3028 bonorum
1072 2965 1190 3027 eadem

79 3050 240 3118 videlicet
262 3049 377 3114 divina
414 3041 562 3134 apientia
582 3061 714 3120 manat,
738 3047 787 3110 ibi
810 3045 892 3111 ficut
911 3047 968 3110 illa
985 3045 1101 3112 divina
1114 3065 1190 3130 pro·

79 3139 170 3204 secto
192 3136 246 3198 lex
266 3132 413 3198 radicata
438 3131 497 3194 eil:
520 3133 616 3208 cujua
638 3151 716 3192 vera
738 3128 972 3216 interpretatio
989 3143 1024 3194 et
1037 3127 1191 3216 spiritua·

79 3221 121 3288 lia
143 3219 273 3282 fructur
293 3215 385 3280 vitae
405 3213 448 3278 est
470 3213 744 3288 comedentibus,
767 3217 833 3276 hoc
855 3212 898 3276 cll
918 3211 1191 3297 intelligentibua

81 3325 153 3368 eam
175 3299 232 3388 pie
252 3300 401 3386 perfecte
426 3319 486 3361 uer
512 3298 663 3383 perversa
685 3317 765 3359 vero
787 3311 820 3359 et
842 3293 984 3361 carnalia
1005 3295 1192 3362 secundum

80 3385 210 3452 literam
237 3383 354 3448 inania
381 3320 463 3446 solia
495 3381 573 3444 sunt
594 3395 627 3442 et
648 3379 873 3454 infructuosa,
909 3377 1032 3464 quibua
1054 3377 1192 3442 divinae

82 3469 164 3556 legia
187 3467 436 3568 transgressores
459 3465 573 3549 culpae
598 3465 668 3527 suaa
690 3461 820 3547 operire
842 3461 1057 3527 contendunt
1073 3460 1193 3526 sallilo·
1289 3536 1292 3551 .

83 3573 147 3638 qua
168 3555 340 3638 apologia,
364 3564 398 3613 et
418 3549 472 3612 vel
492 3547 530 3610 in
552 3545 663 3693 iqnsum
683 3545 766 3632 legia
785 3560 968 3620 auctorem,
990 3545 1045 3606 vel
1060 3541 1098 3608 in
1111 3541 1192 3608 Dia·

84 3637 217 3710 bolum,
248 3637 304 3700 vel
324 3633 362 3698 in
384 3629 483 3696 aliam
506 3651 570 3716 qua
631 3629 697 3693 iam
718 3631 912 3715 personam,
945 3628 1000 3692 vel
1019 3626 1057 3690 in
1080 3625 1192 3692 simili·

83 3715 236 3782 tudinem
258 3719 425 3783 sactorum
449 3735 535 3802 quae
556 3735 575 3777 a
598 3653 719 3777 tinctis
738 3712 893 3777 Patribus
915 3709 1057 3799 figurate
1074 3729 1192 3798 perpe·

82 3815 167 3866 trata
188 3799 284 3876 sunt,
308 3801 432 3864 reserre
452 3819 523 3863 non
543 3813 720 3871 verentur,
749 3797 838 3861 sacta
858 3809 992 3878 patrum
1013 3793 1191 3858 carnaliter

83 3885 268 3949 secundum
293 3883 425 3947 literam
454 3879 682 3968 accipientea,
714 3880 731 3944 s
752 3878 932 3944 iritualiter
960 3891 1074 3954 autem
1095 3877 1191 3942 nullo

83 3969 184 4034 modo
226 3965 472 4064 intelligenter,
514 3979 548 4028 et
578 3963 615 4027 in
645 3904 851 4028 occeionem
879 3959 930 4024 sui
960 3959 1079 4024 erroria
1111 3957 1192 4024 talia

84 4049 233 4134 exempla
262 4053 303 4116 de
326 4048 440 4114 divina
462 4047 623 4134 scriptura
644 4045 871 4134 proferentea:
903 4047 945 4108 de
968 4043 1091 4130 quibua
1112 4063 1194 4107 con·

82 4133 260 4200 venienter
279 4133 453 4220 Apostolua
474 4130 541 4206 ait,
561 4131 663 4194 litero
682 4134 825 4208 occidit,
868 4131 994 4212 piratas
1014 4139 1124 4190 autem
1142 4127 1193 4190 ui·

83 4217 211 4312 traficae.
254 4215 309 4282 sn·
329 4215 452 4304 quibua
471 4213 624 4336 ppradiso‘
645 4213 854 4300 intelligibili
875 4211 1002 4280 incessu
1021 4213 1115 4277 Deua
1137 4209 1193 4276 de·
