2866 4822
93 359 101 394 l

203 3525 206 3534 .
268 3467 304 3515 et
326 3451 390 3514 ulit
411 3448 497 3514 ratio
518 3471 604 3536 quae
624 3449 856 3516 indubitanter

227 243 234 260 '
267 267 348 342 err
390 301 395 310 ·
603 237 658 339 ne
677 268 859 344 nouom
878 265 1052 340 nm.

269 453 361 542 polle
380 453 498 540 puniri
518 453 610 602 puori
630 453 694 532 est,
716 421 817 544 quein
839 455 931 544 quod
951 457 1023 520 o'on
1045 417 1100 520 est.
1138 449 1189 522 tt.
1211 452 1307 520 Ecce
1326 455 1390 519 ite·

271 559 348 603 runt
369 538 458 624 qurfi
479 541 521 605 ob
535 537 682 604 rvieceue
702 537 957 628 proeteritorum
975 534 1146 606 rationum
1167 537 1312 614 viderie.
1355 554 1389 602 et

267 626 597 771 rpperrprprlnletteren:1
613 643 653 688 ex
671 620 855 771 prpleientip
874 619 1005 768 negottii
1027 621 1200 770 prpiondo
1217 621 1387 769 emersppn

268 725 411 888 ςξξ
425 721 585 856 ξι..
599 726 692 858 ξιξ
713 719 904 877 ..ξξξξ
922 725 1040 853 εξ..
1083 719 1406 882 ξωξξωωῑ

269 873 359 938 ltbue
388 893 473 960 qoee
505 873 596 938 inter
625 893 689 938 noe
712 872 941 947 conveniunt,
999 873 1140 952 ueedprn
1160 871 1288 938 mentio
1307 893 1386 937 ecu-

270 953 382 1030 mine,
405 956 511 1022 veluti
534 959 725 1026 aethereum
746 957 880 1032 lumen,
900 954 976 1042 puri
1015 976 1070 1020 rue
1090 971 1254 1042 penetro3
1281 976 1384 1042 quae-

272 1041 349 1104 tlern
376 1061 457 1105 vero
489 1039 669 1127 caliginose
701 1060 740 1106 tc
765 1039 873 1104 veluti
896 1047 969 1104 aere
990 1038 1163 1104 intercisae
1183 1053 1299 1126 ruptae
1321 1061 1385 1102 nn·

271 1123 406 1188 becula·
438 1125 521 1189 conl
543 1123 625 1188 icor.
667 1125 815 1222 ideoque
841 1141 913 1188 non
944 1143 1000 1187 me
1051 1125 1154 1198 odet,
1193 1133 1260 1188 nec
1285 1121 1386 1208 piget

259 1223 422 1294 ¹repetere
451 1221 491 1272 ut
520 1147 667 1272 incidire
696 1207 853 1294 elprcrom
881 1203 972 1292 quae
996 1227 1014 1269 e
1039 1209 1106 1269 huc
1140 1205 1266 1270 mentio
1286 1227 1385 1269 meae

270 1291 446 1358 obrutione
475 1311 547 1354 non
576 1288 717 1356 omnino
743 1289 910 1376 patefacte
945 1289 1032 1352 [unt.
1075 1289 1122 1352 Μ.
1151 1292 1222 1376 Age
1254 1288 1383 1376 igitur;

272 1371 330 1438 dic
363 1395 446 1438 nom
468 1371 583 1438 omnio
604 1393 689 1460 quae
710 1374 788 1438 font
808 1371 911 1438 eb‘eo
935 1372 1003 1437 [olo
1026 1371 1085 1457 qui
1104 1391 1183 1438 rere
1206 1372 1251 1436 est
1273 1387 1308 1435 et
1330 1387 1382 1435 to·

265 1453 342 1522 titre
373 1457 529 1524 ellentire
558 1455 593 1520 iu
621 1455 833 1523 ereffentielie
860 1457 973 1530 ceula,
1010 1476 1050 1519 ex
1070 1475 1141 1520 non
1166 1453 1385 1520 existentibne

269 1538 310 1604 in
345 1540 516 1606 exilientie
536 1542 578 1605 de
603 1555 680 1606 octe
700 1541 798 1624 iunt3
831 1541 866 1605 e't
886 1555 998 1603 utrum
1022 1537 1180 1625 quiddam
1202 1537 1239 1602 in
1261 1553 1386 1602 nature

103 1705 107 1722 ἡ
209 1657 217 1661 -
267 1643 383 1690 rerum
404 1625 468 1700 eli,
488 1625 586 1772 prod
609 1625 650 1687 eb
672 1643 712 1688 eo
734 1622 946 1688 substitutum
967 1642 1039 1686 non
1061 1619 1114 1686 est.
1156 1625 1200 1686 D.
1234 1621 1308 1686 Cor
1328 1641 1384 1685 me

269 1705 458 1855 {affin
512 1728 542 1850 est
562 1707 723 1852 ⁰⁰tqu⁰d
752 1706 920 1854 ornuibup¹
938 1720 1030 1853 imita
1065 1704 1384 1854 ppt‘iptgophmtioue

269 1809 404 1948 iio..
418 1809 568 1938 {titt
582 1804 878 1959 utilit?
890 1809 1125 1938 „iniimn
1147 1809 1307 1938 rutil:
1308 1809 1383 1934 ¹31²:

236 1973 238 1978 ’
270 1975 339 2104 pue
366 1957 589 2054 otone-quoti
623 1958 663 2020 ab
692 1955 765 2055 ipio
796 1955 857 2032 ett,
886 1956 977 2042 polle
1007 1953 1202 2044 corrumpii
1237 1957 1279 2018 D.
1308 1956 1384 2018 Nec
1431 1953 1432 1980 ³

298 2059 340 2105 oc
368 2038 527 2114 dixenmt
559 2059 660 2103 omne
680 2061 773 2104 emm
794 2041 886 2126 quod
906 2038 944 2102 in
970 2037 1139 2104 elientiern
1162 2037 1274 2113 duxit,
1308 2057 1382 2102 non

221 2159 224 2164 -
268 2137 311 2187 nt
331 2123 409 2188 effer
429 2125 665 2189 tantummodo
687 2121 802 2200 duxit,
825 2123 882 2186 led
896 2137 935 2185 ut
955 2122 1185 2208 semperellet,
1208 2141 1286 2186 cum
1298 2121 1382 2184 lem-

236 2247 239 2255 ·
267 2225 333 2296 per
351 2206 525 2272 ctuieliter
546 2205 583 2270 in
604 2227 646 2270 eo
669 2221 749 2270 eret.
792 2207 913 2271 Omne
927 2207 1153 2292 eutem·qnod
1174 2205 1304 2292 semper
1324 2205 1379 2279 eii.

271 2303 446 2356 oeternum
476 2288 538 2373 eli3
570 2309 671 2354 omne
697 2303 808 2354 autern
832 2303 1004 2354 ueternum
1025 2307 1160 2364 verum
1194 2309 1295 2352 omne
1324 2309 1381 2351 ou·

268 2387 340 2438 tem
373 2393 492 2436 verum
531 2374 624 2436 nulle
661 2369 698 2436 vi
738 2371 844 2470 potest
872 2369 1053 2458 corrumpi.
1104 2371 1245 2436 Nullum
1273 2371 1382 2457 igitur

270 2459 313 2520 ab
349 2475 421 2519 uno
459 2453 614 2546 omnium
647 2453 819 2597 principio
858 2455 986 2528 fectum
1012 2451 1134 2539 recipit
1163 2453 1214 2517 lui
1244 2475 1382 2542 corrup·

269 2537 428 2600 tionem:
475 2537 568 2617 Qurd
611 2555 703 2598 entm
743 2535 829 2598 iud
870 2556 1083 2622 corrumpere
1116 2536 1248 2624 pollet?
1300 2539 1381 2602 Non

270 2615 364 2684 enim
391 2637 509 2682 rerum
532 2637 644 2703 neque
663 2615 840 2682 verilimile
861 2617 924 2693 cst,
961 2635 1001 2682 ut
1022 2641 1040 2683 ιι
1063 2635 1212 2686 creatore
1232 2637 1381 2686 corrum-

296 2717 390 2777 ttur,
424 2701 516 2788 quod
538 2715 577 2762 ut
596 2700 725 2787 semper
746 2701 843 2776 eliet,
873 2705 914 2766 ab
936 2723 976 2767 eo
999 2703 1215 2768 constitutum
1237 2703 1291 2768 et.
1333 2707 1382 2769 Et

266 2723 304 2851 ξι
326 2784 436 2872 aliqua
458 2798 576 2847 natura
597 2799 706 2848 create
727 2783 848 2849 melior
868 2783 928 2849 illo
950 2785 1012 2861 est,
1049 2785 1243 2852 inferiorem
1266 2787 1299 2851 se
1319 2811 1380 2852 na-

266 2883 379 2934 turam
400 2887 614 2952 corrumpere
633 2865 833 2954 impoffibile
847 2869 906 2943 ett;
929 2868 1089 2956 quoniam
1108 2870 1235 2934 bonum
1249 2871 1379 2938 nultius

265 2951 354 3018 boni
381 2949 608 3037 corruptionis
638 2952 735 3016 ceule
764 2950 837 3015 fieri
866 2953 990 3036 potest:
1027 2953 1074 3017 lin
1102 2969 1215 3018 autern
1235 2953 1382 3020 inferior

270 3035 306 3100 ie
326 3049 476 3102 creature
498 3033 546 3108 fit,
566 3031 734 3100 difficilius
755 3033 809 3108 eii,
831 3034 974 3100 inierint
992 3056 1204 3124 corrumpere
1222 3041 1313 3123 quod
1326 3041 1379 3102 lu-

267 3117 383 3206 periue
405 3117 460 3181 eit.
504 3121 547 3182 At
570 3117 594 3180 fi
614 3119 751 3204 aequale
773 3117 832 3181 fibi
855 3119 983 3182 bonurn
1007 3119 1064 3194 et,
1092 3121 1224 3184 nullum
1247 3123 1378 3187 bonum

269 3203 407 3288 aequale
438 3199 497 3264 libi
530 3201 657 3266 bonurn
685 3221 898 3287 corrumpere
926 3202 1075 3300 oppetit,
1117 3205 1196 3267 dum
1229 3207 1382 3283 ejusdem

172 3299 180 3310 ·
267 3283 405 3349 virtutie
424 3283 488 3347 lint
509 3297 542 3345 et
563 3283 768 3370 operationit
790 3299 823 3348 et
846 3285 1010 3352 ellentree.
1058 3285 1273 3373 Relinquitur
1293 3311 1379 3374 ergo

268 3369 400 3432 nullent
431 3380 584 3432 naturam
607 3369 895 3432 alterantlcorrum
922 3391 976 3432 ere
997 3371 1084 3434 velle
1104 3371 1159 3432 vel
1179 3371 1278 3456 polle.
1318 3373 1379 3435 Est

876 3393 1003 3529 aierit,
1024 3453 1131 3518 ullum
1154 3473 1269 3520 eorum
1287 3477 1381 3542 quae

268 3535 310 3598 ab
341 3551 411 3597 uno
441 3535 515 3596 Deo
537 3533 714 3599 conditore
734 3533 887 3600 omnium
909 3537 1003 3611 lunt',
1037 3535 1285 3624 corruptionem
1308 3561 1380 3604 nec

268 3614 419 3703 recipere
445 3637 509 3680 nec
529 3617 699 3704 corrumpi
720 3619 821 3703 posse.
879 3617 915 3682 si
937 3618 1028 3684 enim
1049 3620 1219 3706 corrumpi
1241 3620 1381 3686 inchoo-

100 3761 102 3768 t
150 3719 153 3726 ’
266 3713 338 3774 ret,
368 3698 593 3786 corruptionis
622 3705 694 3784 ejue
724 3697 801 3765 finie
836 3701 1038 3788 sequeretur.
1083 3705 1194 3768 Omne
1215 3703 1379 3791 liquidem

270 3783 364 3870 quod
389 3777 529 3848 inchoet
547 3781 639 3870 peti,
670 3781 828 3874 paffionit
848 3785 925 3849 inte
947 3785 1116 3874 duplicem
1136 3785 1241 3851 finem
1260 3809 1380 3875 expro-

267 3879 328 3932 tet.
370 3867 438 3930 Aut
465 3866 556 3932 enim
585 3867 722 3952 penitus
756 3883 797 3931 ut
825 3888 895 3934 non
917 3869 957 3933 fit
977 3870 1034 3935 lue
1054 3869 1271 3956 corruptione
1293 3891 1379 3937 con·

266 3949 502 4038 lummebitur,
538 3951 661 4036 sueque
688 3949 859 4038 corruptio
887 3952 1000 4018 lecum
1022 3953 1262 4056 extinguetun
1295 3975 1381 4020 con·

268 4033 379 4098 lumto
426 4031 529 4118 uippe
559 4033 795 4134 corruptibili3
824 4035 1077 4134 corruptionem
1099 4059 1171 4120 etue
1191 4036 1299 4124 perire
1316 4061 1380 4104 ne-

173 4135 183 4144 ‘
268 4117 353 4182 ceffe
434 4161 444 4191 ,
476 4121 612 4202 quondo
640 4137 710 4184 non
739 4134 874 4184 rnvenrt
899 4123 992 4208 quod
1011 4137 1222 4208 corrumpite
1254 4135 1312 4186 tut
1330 4125 1379 4188 ad

267 4201 373 4266 telem
394 4198 498 4266 finem
519 4201 691 4288 corruptio
712 4199 907 4288 perveniet,
936 4219 977 4268 ut
995 4202 1034 4270 iu
1055 4225 1098 4272 oo
1118 4206 1210 4292 quod
1230 4219 1379 4272 corrum-

269 4281 325 4372 pit
334 4329 351 4369 ,Ι
366 4282 497 4370 aliquid
516 4281 774 4374 incorruptibile
794 4296 984 4362 tuamen,
1003 4291 1096 4378 quod
1114 4287 1284 4358 commui
1302 4309 1376 4358 non
