3038 4832
303 239 383 318 108
403 235 410 329 ζ
622 245 677 315 lle
696 245 877 318 netem
898 244 1070 315 Naturae.

303 432 368 498 mia
388 429 529 510 dieitur,
550 429 746 517 priusquam
767 432 810 496 ad
829 429 974 498 formam
987 431 1099 504 luam,
1122 429 1418 496 creatoremvide·

302 516 384 582 licet
411 515 509 580 [uum
543 529 768 579 convertatur.
812 515 891 578 Nun
915 513 1007 578 enim
1030 511 1152 588 suffieit
1173 515 1215 580 cd
1235 513 1417 600 perfectio·

302 621 382 664 nem
411 619 452 662 ex
479 596 616 662 clientie
642 595 870 684 clientialique
898 597 1088 662 differentia
1120 597 1305 663 subsistere:
1342 596 1419 670 (his

304 681 398 748 enim
427 683 558 746 duobus
588 680 698 746 omnis
719 679 957 746 intellectualis
978 695 1129 745 creatura
1150 680 1418 766 componimu)

260 767 265 803 ³
302 766 366 830 nili
393 766 597 828 adverbum
618 762 853 850 unigenitum,
883 763 961 829 dico
983 763 1049 828 Dei
1069 762 1179 828 lilium
1200 763 1260 862 qui
1280 763 1326 828 ali
1346 764 1416 826 for-

255 851 260 863 *
301 871 357 914 ma
376 845 615 912 intellectualis
638 846 746 923 vitae,
774 848 931 915 conversa
940 845 1160 994 perficiaturs
1182 845 1335 932 ahoquin
1351 845 1416 910 im·

303 930 453 1020 perfectu
485 929 708 1027 inioimisque
737 945 897 996 remanet.

302 1035 467 1099 suamque
499 1015 558 1078 leu
583 1013 786 1078 invrlibilem
818 1013 1142 1110 incompoiitamque
1172 1012 1297 1078 dictem
1329 1010 1416 1076 urbi-

302 1113 434 1162 trantur
452 1098 577 1162 molem
598 1099 686 1162 banc
706 1097 895 1162 terrenico
939 1096 1021 1170 oris,
1045 1116 1156 1182 primo
1171 1096 1415 1161 conditamve·

302 1202 402 1246 cuam
430 1179 567 1266 quidem
594 1195 629 1244 et
649 1180 806 1256 inanem,
836 1180 909 1244 uti
935 1179 964 1244 is
984 1179 1140 1254 videtur,
1169 1183 1249 1264 quia
1269 1181 1416 1244 nondum

303 1260 445 1350 diuesfis
464 1263 636 1346 generibus
646 1255 833 1354 formisque
853 1267 1048 1346 genuinum,
1071 1257 1259 1354 fruticum,
1290 1266 1417 1327 unima-

281 1349 443 1432 urumque
473 1361 594 1412 oruata
621 1361 715 1426 erut3
747 1343 923 1436 invisibilis
950 1370 1049 1425 uero,
1081 1359 1141 1410 aut
1159 1350 1239 1432 quia
1258 1347 1416 1412 humidae

299 1445 440 1496 murrae
475 1432 683 1496 abundantia
700 1433 843 1517 undique
852 1425 1039 1522 superfiffu
1060 1444 1149 1505 erut,
1181 1443 1242 1494 aut
1260 1435 1340 1512 qnia
1358 1433 1418 1497 ko·

300 1526 359 1604 ruo*
382 1517 441 1598 qui
470 1539 542 1580 eum
569 1511 716 1606 aspicere
743 1510 868 1609 peffet,
903 1518 1045 1581 nondum
1075 1537 1118 1578 erc
1146 1513 1420 1596 primordialibus

300 1595 410 1689 cuufis
435 1621 497 1681 per
523 1603 766 1682 generationem
794 1613 967 1682 eruperut;
1000 1599 1153 1662 tenebras
1180 1612 1288 1662 autem
1306 1591 1418 1690 super
1495 1603 1496 1682 J

300 1680 448 1775 ubyffum
476 1686 591 1758 aiunt,
620 1685 708 1768 quod
734 1695 791 1746 aer
816 1687 876 1768 qui
903 1684 1046 1766 undique
1057 1676 1177 1775 ubpffo
1197 1675 1418 1772 circumfusus

290 1761 433 1858 firerut,
453 1769 562 1830 adbuc
580 1767 711 1831 lucidus
730 1789 794 1830 nou
814 1779 905 1842 erut,
935 1768 1071 1850 ideoque
1091 1765 1304 1858 cosfitruram
1326 1767 1417 1828 inter
1495 1797 1496 1804 2

291 1847 336 1948 se
365 1845 510 1942 ubyffum
538 1853 679 1914 nondum
702 1851 882 1914 illuminare
900 1863 1054 1930 poterae:
1086 1848 1143 1913 cui
1165 1847 1277 1937 lenlui
1298 1869 1416 1933 quarn·

299 1933 353 1998 uis
380 1933 526 2032 iunctus·
543 1934 744 2031 Augustinus
771 1933 931 2032 refragari
957 1931 1133 2029 videatur,
1166 1952 1238 2028 nou
1269 1928 1414 1996 omnino
1495 1967 1496 1970 ι

300 2016 973 2170 tlt?nllll.llllilllllssilll
994 2013 1417 2193 [2ἰῖξὶἷὲξῖΠὲῗῶωῆῗῖ

302 2182 433 2257 dicare,
456 2183 590 2246 ledeos
610 2181 668 2268 pie
688 2203 727 2246 ac
745 2179 984 2246 venerabiliter
999 2181 1191 2265 susciperer
1211 2193 1416 2244 nontamen

243 2273 249 2289 '
299 2265 519 2364 prqhibemur
541 2263 683 2360 eligere,
722 2265 815 2350 quod
834 2263 942 2361 magis
964 2263 1100 2327 videtur
1121 2261 1246 2338 divinis
1269 2261 1416 2348 eloquiis
1495 2291 1496 2320 1

178 2379 187 2390 ·
299 2347 441 2412 rationis
462 2347 727 2410 confideratsone
748 2365 949 2429 convenire3
972 2347 1028 2410 sed
1049 2343 1165 2430 liquis
1182 2343 1304 2408 dixerit
1319 2367 1415 2430 prae·

300 2429 392 2495 dictu
420 2431 610 2514 Prophetae
631 2430 733 2493 uerba
752 2449 823 2492 non
846 2428 958 2510 aliud,
989 2450 1089 2515 quam
1110 2427 1344 2512 primordiales
1363 2451 1416 2492 re·

299 2535 378 2576 rum
406 2511 518 2576 caulas
549 2510 713 2585 inuuere,
746 2532 817 2574 non
851 2509 1085 2575 videbiturex
1105 2509 1248 2575 veritate
1266 2509 1415 2578 deviare.

298 2593 394 2680 Quid
422 2591 541 2658 enimi
582 2615 666 2658 num
694 2591 895 2671 incredibile
915 2593 967 2658 eil
993 2589 1239 2684 npuru‘rurrov,
1271 2597 1340 2660 boc
1367 2595 1414 2658 eli

298 2674 488 2772 principale
508 2677 685 2762 exemplar.
698 2675 880 2762 corporalis
901 2692 1060 2754 naturae,
1094 2681 1187 2762 quod
1205 2676 1415 2824 lifnificstur

299 2777 407 2826 terrae
434 2758 592 2834 nomine,
645 2761 781 2846 uotique
810 2774 889 2822 ante
903 2763 1011 2828 ,hunc
1037 2763 1204 2825 mundum
1239 2759 1413 2826 enlibilem

295 2857 461 2932 perpetuo
494 2842 621 2928 perfect
674 2861 794 2928 meque
815 2846 907 2906 Deus
927 2841 964 2906 in
986 2841 1172 2928 principio,
1204 2845 1271 2908 hoc
1293 2843 1338 2906 eli
1356 2867 1415 2930 pa·

297 2943 350 2992 ter
371 2925 408 2990 in
429 2924 501 2989 filio
523 2923 739 2999 condiderat,
763 2945 911 2988 vacuum
933 2940 966 2988 at
990 2947 1032 2988 ue
1046 2924 1147 2989 inane
1162 2928 1253 3012 polie
1268 2925 1410 2992 vocari?

293 3013 446 3074 Vacuum
471 3007 628 3094 quidem,
664 3005 825 3094 quoniam
850 3007 945 3071 omui
965 2948 1109 3072 ienfibili
1132 3008 1170 3072 in
1192 3010 1259 3072 suis
1282 3009 1413 3075 effecti·

293 3095 357 3159 bus
378 3093 518 3156 vacabat
538 3089 734 3188 priusquam
755 3089 792 3152 in
815 3111 937 3175 genera
959 3089 1149 3176 formasque}
1169 3091 1329 3156 senlibilis
1346 3115 1411 3157 na·

183 3171 188 3178 ⁴
297 3192 391 3239 turae
429 3195 490 3260 per
521 3189 774 3259 generationem
810 3171 894 3236 locis
923 3173 1199 3261 temporibusque
1226 3174 1408 3262 prodiret?

293 3263 400 3322 lnane
419 3276 517 3329 vero,
564 3256 620 3322 uia
643 3257 770 3320 nullam
792 3253 1031 3340 quantitatem,
1055 3255 1105 3320 nil
1127 3259 1293 3344 corporali
1314 3261 1409 3324 mole

293 3341 451 3416 denium,
482 3336 533 3402 nil
541 3278 637 3402 iocis
660 3337 864 3425 dispersum,
899 3337 949 3402 uil
970 3339 1177 3426 temporibus
1199 3341 1328 3406 mobile
1350 3344 1407 3406 ad·

291 3427 361 3487 huc
381 3420 417 3484 in
441 3442 479 3484 ea
499 3419 693 3486 intellectus
715 3419 954 3507 propheticus,
977 3421 1035 3508 qui
1057 3421 1094 3486 in
1116 3422 1232 3488 divina
1255 3423 1410 3508 mysteria

291 3505 336 3570 est
361 3503 596 3579 introductus,
629 3504 807 3589 aspexerat.
850 3508 944 3568 Haec
972 3505 1064 3569 enirn
1091 3509 1276 3584 vocabula,
1310 3511 1409 3573 inane

292 3587 369 3654 dico
390 3601 424 3650 et
445 3607 604 3662 uacuum,
627 3589 704 3673 plus
751 3586 952 3652 rimordialis
971 3603 1111 3652 naturae
1133 3606 1211 3655 unte
1232 3591 1348 3656 omnia
1365 3591 1405 3654 in
1495 3591 1496 3604 ¹

291 3673 400 3736 Verbo
435 3668 593 3735 conditae
625 3668 718 3756 plen’
759 3689 846 3734 mem
878 3670 1190 3760 immutabilemque
1215 3673 1408 3761 fignificant

289 3752 554 3841 perlectionem,
597 3773 699 3850 quum
744 3751 942 3818 mutabilem
963 3753 1271 3844 ‚imperfectamque
1303 3761 1408 3838 huius

289 3836 413 3902 muudi
433 3835 594 3902 senfibilis
615 3837 796 3902 informem
810 3839 920 3902 adhuc
939 3836 1201 3923 proceffionem,
1223 3838 1308 3906 locis
1325 3855 1409 3908 tem·

196 3959 201 3969 ,
291 3919 498 4016 potibusque
521 3918 721 4004 dispersam,
745 3943 872 4017 perque
893 3922 1145 4008 generationem
1166 3925 1229 3988 elle
1243 3923 1409 3990 inchoan-
1495 3989 1496 3992 ,

288 4018 378 4078 tem,
411 4004 612 4088 diverliaque
648 4003 807 4070 lenfibrlis
830 4019 1005 4070 creaturae,
1020 4005 1171 4072 numeris
1190 4007 1329 4074 formari
1350 4029 1407 4094 ap·

233 4087 236 4094 ’
286 4101 476 4235 petentem.
519 4090 625 4174 Saepe
646 4085 794 4236 quidem
824 4085 928 4153 inane
959 4104 994 4152 et
1019 4111 1165 4156 vacuum
1186 4090 1278 4156 etin
1299 4089 1407 4156 landi-

311 4191 351 4240 ιιι
389 4192 503 4238 rerum
523 4190 645 4260 corpor
678 4169 750 4240 ium
770 4172 880 4239 solent
897 4171 1001 4262 ponis
1036 4183 1148 4244 totum
1166 4195 1322 4264 namque·
1335 4175 1407 4262 lpu-
1495 4225 1496 4228 ,

440 4471 450 4516 Ι

969 929 1007 994 lii
1039 945 1159 994 terram
1188 929 1327 994 inanem
1356 950 1415 996 ua·
1495 991 1496 996 ,
