3048 4856
246 171 322 248 194
420 195 423 205 “
580 169 636 242 oe
654 161 838 242 dourenc
857 161 1064 242 Numae(

408 315 416 340 ‘
1141 329 1149 352 ο

248 353 485 434 habitudinem
500 351 728 420 tubunentim
749 351 950 440 acciperent.
988 351 1031 414 D.
1052 349 1106 412 Eo
1124 345 1231 435 igitur
1250 344 1361 412 nomi·
1419 397 1424 402 .

249 464 295 509 ne
317 441 409 528 quod
432 437 476 502 est
494 435 659 515 nihilum,
681 437 819 524 negatio
841 450 942 523 atque
963 430 1113 498 absentia
1136 430 1241 496 totius
1255 431 1365 528 'ellen-

248 525 335 600 tiae,
356 523 411 587 vel
432 520 649 596 substantiae,
671 521 776 586 immo
790 519 900 586 ,etiam
922 533 1123 596 cunctorum
1169 537 1232 578 uae
1252 537 1290 578 m
1307 533 1365 578 na·
1441 563 1453 586 „

250 625 325 673 tura
344 627 457 680 rerum
479 605 706 679 creata'lunt,
729 603 951 670 infinuamur.
994 603 1043 664 M.
1066 603 1116 663 Ita
1138 621 1155 664 e
1188 645 1199 674 ,
1220 611 1261 660 ut
1281 599 1366 661 arbi·

248 708 336 768 tror,
371 712 451 756 nam
473 705 523 754 *et
544 710 661 754 omnea
683 689 792 774 laetae
814 685 996 774 scripturae
1019 682 1219 769 expofitorea
1241 679 1279 744 in
1300 683 1369 744 hoc
1425 693 1434 706 ¹

251 773 491 850 consentiunt,
521 775 614 859 quod
637 773 795 837 conditor
814 769 990 836 universae
1012 781 1200 839 creaturae,
1230 785 1302 829 non
1325 766 1369 828 de

249 859 385 957 aliquo,
419 857 477 923 led
507 858 549 922 de
579 853 721 920 omnino
752 853 864 920 nihilo
898 869 1120 940 quaecunque
1147 845 1259 933 voluit
1280 845 1366 922 beri.

252 943 345 1008 iecit.
388 945 432 1008 D.
461 938 603 1006 Nebulia
624 941 722 1003 valde
744 938 925 1014 tenebrofia
947 931 1196 1032 cogitationum
1217 951 1369 996 mearum

249 1024 403 1112 undique
424 1022 576 1090 cinctum
597 1043 653 1086 me
675 1022 738 1086 elle
759 1020 879 1086 lentio.
919 1021 1088 1105 Equidem
1109 1014 1197 1080 nibil
1218 1013 1370 1078 mihire·
1412 1043 1421 1092 ῃ

249 1123 367 1176 manet
394 1107 457 1174 nili
478 1108 546 1171 lola
567 1103 651 1170 fidet
675 1126 774 1192 quam
797 1105 987 1168 sanctorum
1009 1116 1145 1186 patrum
1167 1095 1271 1162 tradit
1292 1117 1367 1160 auc·

248 1190 384 1269 tautae:
407 1194 489 1256 dum
510 1211 593 1255 vero
616 1191 657 1254 de
679 1187 749 1263 hie,
772 1208 858 1287 quae
880 1187 948 1250 lola
969 1183 1036 1248 fide
1058 1181 1211 1257 retineo,
1239 1177 1371 1278 aliquid

146 1315 152 1319 -
250 1296 358 1342 conor
379 1277 421 1340 ad
453 1279 565 1337 'urum
580 1271 827 1358 intelligentiae
839 1268 993 1334 habitum
1008 1264 1215 1412 perspicere;
1238 1263 1372 1361 luguen·

250 1357 339 1424 tium
359 1380 415 1422 me
435 1298 718 1422 ibbtiliffimarum
739 1353 911 1418 rationum
932 1350 1039 1416 nimia
1062 1369 1082 1413 o
1107 1362 1287 1424 ecaritate,
1310 1368 1385 1424 ιιιι·Ι

251 1463 309 1510 mo
341 1441 443 1506 etiam
470 1437 578 1504 nimia
608 1439 782 1512 claritate,
820 1434 927 1500 aciem
947 1431 1073 1498 mentis
1094 1431 1304 1518 reperculsus
1323 1445 1374 1494 re·-

250 1525 370 1612 pellor.
412 1526 461 1588 M.
491 1521 593 1588 Dicae
623 1521 744 1608 quaeso
773 1519 835 1582 ubi
864 1538 960 1582 nunc
986 1515 1144 1588 haefiteo,
1176 1529 1211 1578 et
1234 1513 1317 1612 quid
1338 1526 1374 1576 te
1405 1564 1409 1570 .

252 1622 386 1672 tantum
412 1609 605 1693 perturbat,
639 1619 679 1666 ut
701 1607 743 1668 ad
763 1603 897 1666 nullum
919 1621 1024 1686 purae
1045 1597 1293 1684 intelligentiae
1314 1598 1373 1692 hp·

253 1689 374 1755 bitum‘
387 1691 500 1753 ualeat
521 1703 562 1750 ut
583 1687 630 1751 aia
654 1685 852 1771 pervenire,
876 1699 935 1749 aut
954 1682 1015 1746 ubi
1031 1681 1141 1746 nostra
1155 1679 1374 1746 ratiocinatio

253 1772 409 1844 vacillat,
439 1772 576 1854 quando
605 1783 639 1830 te
670 1771 711 1830 ad
742 1770 870 1830 nullam
892 1781 1018 1830 certam
1039 1761 1295 1839 definitionem,
1324 1783 1376 1827 re-

212 1929 215 1936 1
241 1869 331 1918 'rum
355 1873 400 1914 ue
431 1849 666 1936 cognitionem
694 1849 803 1996 potest
825 1851 1003 1914 adducere.
1045 1851 1090 1910 D.
1114 1845 1377 1933 Magnanimum

255 1951 290 2000 te
316 1957 334 1998 e
361 1955 402 2008 e,
445 1953 541 1996 meae
565 1954 608 1996 ue
642 1931 808 2022 tarsitatia
840 1931 988 1996 morulae
1017 1929 1187 2015 patienter
1218 1927 1375 1994 sustinere

253 2018 415 2106 postulo„
440 1955 652 2082 Crediderim
684 2035 832 2100 namque
862 2017 921 2078 hae
949 2034 1064 2078 rerum
1091 2010 1296 2076 tenuiffimaa
1322 2012 1374 2074 in·

243 2099 452 2190 ‘quifitionea
476 2097 580 2164 etiam
600 2097 844 2184 perfectiorum
865 2118 920 2160 me
941 2093 1161 2160 interioribus
1179 2095 1288 2160 oculia
1302 2115 1374 2160 non

254 2199 324 2249 tam
356 2183 455 2248 facile
479 2183 666 2256 lucescere,
704 2196 744 2251 ut
774 2179 948 2245 confestim
971 2182 1013 2242 ad
1035 2179 1170 2244 firmum
1192 2179 1298 2244 animi
1319 2181 1377 2242 ha·

253 2267 365 2332 bitum
393 2264 517 2352 poffint
545 2267 741 2350 adhaerere,
807 2261 978 2326 raelertim
1006 2264 1088 2326 dum
1116 2283 1157 2328 ex
1185 2263 1258 2338 hio,
1288 2281 1375 2349 quae

254 2353 420 2415 hactenus
441 2347 531 2412 inter
550 2368 616 2410 noc
635 2345 743 2410 veluti
759 2287 982 2431 adliquidum
1024 2348 1166 2410 roducta
1181 2345 1270 2420 [unt.
1291 2348 1378 2410 haec

255 2430 342 2496 mihi
362 2451 458 2497 nunc
480 2431 622 2494 obscura
642 2429 804 2493 videntur
824 2427 946 2514 ingeri.
992 2369 1199 2504 (iudicatum
1221 2429 1265 2492 est
1283 2427 1376 2494 enim

256 2514 347 2578 inter
368 2533 431 2576 noa
455 2515 496 2577 de

141 2637 146 2652 ι
256 2611 308 2661 tre
328 2594 366 2658 in
387 2597 492 2660 verbo
514 2536 574 2660 liro
596 2593 769 2681 ingenito,
792 2597 859 2658 hoc
882 2595 945 2670 est,
969 2594 1006 2659 in
1028 2595 1086 2658 lua
1100 2595 1132 2658 la
1158 2593 1264 2658 ientia
1278 2595 1376 2660 simul

257 2695 293 2744 et
313 2679 414 2742 lemel
435 2675 648 2743 aeternaliter
670 2678 759 2742 facta
780 2679 859 2751 effe,
884 2677 932 2742 ita
952 2694 993 2742 ut
1006 2619 1289 2765 quemadmodum
1304 2677 1377 2775 ipsa

257 2759 423 2856 sapientia
452 2759 557 2844 patria
591 2777 727 2824 aeterna
748 2761 811 2838 cll,
843 2761 972 2847 luoque
992 2761 1081 2847 patri
1102 2777 1294 2837 coaeterna,
1327 2777 1379 2824 rte

259 2856 364 2906 etiam
386 2858 510 2906 cuncta
533 2841 675 2928 quaein
700 2863 740 2906 eo
765 2843 973 2919 factasunt,
1002 2860 1138 2908 aeterna
1156 2845 1237 2920 sant,
1261 2865 1301 2908 eo
1325 2865 1379 2910 ex·

257 2941 358 3073 cepto
381 2927 473 3022 quod
493 2925 531 2990 in
552 2924 625 3072 ipso
647 2923 763 2990 omnia
785 2926 875 2990 facta
897 2927 991 3002 lunt,
1014 2947 1102 3014 quae,
1122 2935 1195 2992 rion
1218 2927 1262 2991 est
1277 2927 1376 3002 iacta,
1421 2987 1428 3011 ,

257 3007 291 3074 lc
336 3023 471 3094 genita,
510 3024 546 3074 et
580 3007 694 3073 actrix.
738 3008 913 3095 Siquidem
935 3009 973 3074 in
995 3013 1174 3076 condenda
1195 3009 1379 3076 universali

258 3105 411 3156 creatura
440 3091 525 3156 licut
555 3113 624 3156 una
655 3093 839 3181 eademque
868 3093 912 3156 est
940 3093 1044 3178 patrio
1067 3109 1102 3158 et
1123 3091 1186 3158 filii
1206 3096 1377 3170 voluntas,

258 3173 308 3239 ite
337 3195 406 3238 una
435 3177 620 3260 eademque
642 3175 685 3238 est
706 3173 877 3261 operatior
908 3173 945 3240 in
967 3177 1242 3272 primordialibus
1262 3175 1381 3264 itaque

259 3256 326 3322 luia
357 3257 461 3355 caulis
490 3257 605 3321 omnia
636 3257 673 3324 iu
706 3256 868 3344 sapientia
888 3275 994 3344 patna
1016 3277 1150 3324 aeterna
1172 3261 1267 3336 sunt,
1305 3282 1391 3326 uon»

259 3355 373 3406 tamen
407 3361 439 3403 er
461 3355 657 3416 coaeterna,
689 3341 864 3428 praecedit
886 3341 978 3408 enim
1001 3345 1096 3407 caula
1119 3343 1259 3408 effectur
1279 3344 1379 3429 luoa3

257 3439 299 3520 ute
329 3421 421 3486 enim
449 3420 642 3508 intellectus
670 3423 825 3502 artificio,
860 3425 940 3490 artic
961 3425 1172 3492 intellectum
1194 3425 1378 3514 praecedit,

259 3505 470 3582 (intellectae
492 3521 606 3572 autem
623 3505 719 3591 artie,
741 3507 915 3595 praecedit
928 3507 1141 3574 intellectum
1156 3531 1274 3576 eorum
1312 3531 1380 3574 uae

256 3587 296 3654 in
325 3609 363 3652 ea
393 3604 428 3653 et
455 3611 518 3676 per
546 3611 620 3656 eam
650 3589 775 3672 fiunt:)
807 3591 855 3657 ita
884 3591 1078 3658 intellectus
1099 3593 1204 3680 patria
1226 3533 1376 3670 artibcie,

257 3670 470 3736 intellectum
499 3673 577 3739 suae
605 3673 704 3750 artie,
723 3677 801 3765 ,hoc
830 3675 891 3751 est,
920 3678 997 3742 luae
1025 3675 1209 3764 sapientiae
1238 3677 1275 3742 iu
1331 3698 1377 3740 ua

241 3755 414 3853 'condidit
442 3755 580 3834 omnia,
627 3757 808 3832 antecedit.
862 3759 997 3826 Deinde
1029 3760 1243 3826 intellectum
1275 3699 1381 3847 ipbua

258 3854 354 3916 artu,
378 3838 534 3908 omnium
578 3862 643 3906 uae
662 3841 699 3907 in
722 3865 780 3917 ea,
803 3857 1013 3930 etpeream
1035 3843 1244 3921 factasunt,
1267 3843 1377 3932 lequi-

256 3938 313 3986 tur
346 3922 511 4012 cognitio.
555 3863 668 3990 bruna
698 3927 861 3991 liuidem
891 3931 985 4013 quod
1014 3937 1092 3994 vera
1120 3928 1208 3994 ratio
1237 3948 1380 4016 quoquo

255 4009 360 4102 modo
380 4007 597 4094 proeelliouia
637 3949 797 4076 rocedere
812 4008 966 4086 invenit,
987 4015 1082 4091 juxta
1094 4013 1283 4078 naturalem
1296 4033 1379 4078 con·

257 4089 469 4178 sequentiam
484 4033 685 4178 praecedere
704 4094 834 4160 naceffe
856 4093 916 4172 eo,
940 4116 979 4162 ae
998 4117 1059 4184 per
1080 4099 1146 4162 hoc
1165 4097 1285 4162 artifex
1304 4117 1377 4160 om·

545 2509 795 2576 rimordialibut
816 2533 928 2575 rerum
950 2511 1106 2576 omnium
1128 2511 1250 2588 causae,
1281 2533 1378 2598 apa·
1484 2513 1488 2520 '
