3048 4856
434 217 458 362 s
535 273 832 350 meream,
1010 242 1024 250 ’
1156 277 1235 353 raa

113 471 269 544 tempus,
304 457 459 537 etloca,
493 475 528 526 et
547 459 672 549 spatia,
705 475 741 529 er
761 461 876 528 omnia
897 483 984 552 quae
1005 462 1166 532 dicuntur
1185 465 1233 532 le·

113 543 269 606 cundum
291 540 505 642 substantiam
522 559 556 608 et
570 545 738 622 accidena,
757 546 1024 634 generaliterque
1037 547 1231 625 dicendum,

139 645 342 711 unocunque
363 627 559 693 unrverlitaa
581 629 686 694 totiur
708 646 880 696 creaturae
900 630 1056 696 continet
1073 631 1111 699 iu
1126 634 1231 697 verbo

151 706 183 771 ei
210 706 392 795 unigenito
420 727 454 774 et
484 727 618 778 aeterna
640 714 741 778 *fimul
770 729 804 779 et
835 714 1031 791 facta-effe,
1065 730 1099 779 et
1118 735 1232 802 neque

111 789 350 876 aeternitatem
382 791 420 858 in
457 793 505 860 eie
524 799 725 883 praecedere
747 797 911 862 facturam
931 819 1043 886 neque
1065 799 1229 864 facturam

110 876 316 962 praecedere
338 877 582 966 aeternitatem.
626 879 801 980 Siquidem
824 901 940 946 eorum
961 880 1140 947 aeternitas
1164 882 1229 947 fac·

110 973 149 1022 ta
179 957 241 1033 est,
275 973 309 1022 et
331 961 484 1026 conditio
507 977 699 1028 aeternam
722 964 971 1052 dispensatione
994 963 1099 1030 verbi.
1141 965 1230 1031 Nam
1251 969 1255 983 '⁴

112 1055 150 1105 et
171 1055 296 1106 cuncta
318 1063 404 1129 quae
423 1043 585 1112 videntur
606 1045 643 1111 in
664 1047 783 1113 ordine
799 1049 1005 1115 laeculomm
1018 1046 1229 1135 temporibua

109 1139 149 1190 et
167 1124 254 1189 locia
274 1147 336 1211 per
357 1129 610 1214 generationem
632 1129 736 1208 oriri,
759 1133 854 1196 fimul
878 1147 911 1197 et
931 1132 1031 1198 semel
1053 1130 1227 1196 aeternali·

110 1223 165 1272 ter
186 1207 224 1271 in
246 1211 349 1273 verbo
374 1211 504 1276 domini
524 1213 612 1278 iacta
632 1214 719 1278 sunt.
762 1217 882 1304 Neque
903 1215 995 1282 enim
1020 1218 1229 1282 credendum

108 1290 157 1356 ert
187 1305 275 1389 tunc
304 1291 473 1359 inchoasse
505 1294 598 1372 fieri,
634 1299 770 1384 quando
801 1298 839 1363 in
872 1303 1002 1364 mundo
1029 1297 1227 1377 ¹sentiuntur

109 1373 207 1472 oriri.
251 1377 390 1464 Semper
423 1376 514 1442 enim
537 1381 676 1446 fuerunt
696 1382 733 1447 in
754 1385 858 1448 verbo
882 1382 1014 1448 domini
1035 1377 1226 1446 substantia·

105 1458 213 1531 liter,
236 1472 396 1545 ortusque
418 1482 534 1526 eorum
556 1479 590 1528 et
611 1467 746 1530 occasus
766 1465 804 1530 in
826 1466 946 1532 ordine
966 1473 1159 1552 temporum
1180 1478 1227 1530 at·

105 1561 180 1627 que
200 1540 351 1607 locorum
376 1567 437 1631 per
457 1547 730 1633 generationem,
752 1552 819 1614 hoo
838 1550 898 1626 eli,
922 1571 983 1637 per
998 1547 1227 1614 accidentium

107 1623 390 1710 allumptionem,
425 1629 555 1716 semper
584 1631 620 1697 in
652 1635 756 1698 verbo
778 1633 845 1697 Dei
868 1649 957 1710 erat,
991 1633 1028 1697 in
1051 1653 1119 1776 ‹puo
1140 1652 1227 1718 quae

104 1707 227 1772 futura
256 1709 333 1774 lunt
358 1717 426 1792 jam
462 1713 663 1781 facta'lunt.
707 1715 882 1803 Siquidem
916 1715 1032 1782 divina
1076 1712 1226 1800 apientia

107 1789 357 1857 circumscribit
386 1809 560 1876 ttmporfl.
591 1815 626 1866 et
657 1799 771 1866 omnia
803 1821 889 1882 quae
910 1799 947 1863 in
969 1813 1089 1864 natura
1111 1813 1225 1856 rerum
1318 1823 1328 1842 s

104 1871 341 1958 temporaliter
377 1873 535 1942 oriuntur
570 1872 609 1937 in
640 1873 711 1961 ipsa
741 1877 951 1960 praecedunt
983 1892 1018 1940 et
1051 1875 1227 1940 subsrllrint

106 1953 333 2021 aeternaliter.
364 1957 436 2044 Ipsa
460 1957 504 2020 eil
528 1953 620 2021 enim
634 1957 789 2022 mensura
803 1957 957 2023 omnium
975 1960 1043 2023 line
1057 1959 1223 2034 mensura,

108 2054 148 2104 et
176 2060 336 2105 numerus
364 2041 431 2104 line
458 2059 622 2116 numero,
656 2055 692 2105 et
712 2027 937 2127 pondue,‘id
959 2041 1019 2116 est,
1049 2043 1132 2106 ordo
1155 2041 1225 2106 fine
1328 2095 1334 2108 .

106 2125 272 2210 pondere.
316 2124 388 2210 lpla
411 2123 454 2187 est
475 2141 608 2210 temput
631 2137 666 2189 et
686 2123 876 2200 saeculum,
907 2121 978 2208 ipsa
1000 2123 1043 2185 est
1065 2122 1224 2208 praeteri·

106 2222 162 2280 ta,
198 2207 408 2293 praesentia,
438 2221 473 2270 et
501 2209 624 2270 futura.
667 2209 747 2272 ldeo
772 2227 815 2270 ue
844 2227 863 2269 a
893 2205 1027 2270 Graecia
1058 2201 1224 2272 ’σπικείνα

105 2307 267 2365 vocatur,
290 2289 370 2378 quia
392 2289 506 2355 omnia
529 2307 680 2377 tempora
697 2289 735 2355 in
751 2229 790 2354 ie
811 2303 902 2355 creat
919 2305 953 2354 et
968 2287 1221 2367 circumscribit,

110 2375 196 2438 duan
227 2374 326 2462 super
352 2373 467 2439 omnia
496 2391 647 2462 tempora
677 2373 717 2438 lit
737 2371 935 2438 aeternitate
955 2373 1013 2439 lua
1034 2369 1149 2438 omnia
1170 2371 1225 2438 in·

107 2459 249 2522 tervalla
277 2461 501 2546 praecedens,
533 2458 703 2534 ambient,
734 2459 951 2523 concludens.
1000 2457 1087 2522 Nam
1117 2471 1152 2520 et
1179 2457 1223 2522 de

103 2539 162 2606 hia
185 2562 269 2627 quae
292 2540 437 2605 naturali
460 2541 617 2608 curio-in
636 2540 755 2606 ordine
773 2557 964 2628 temporum
981 2539 1221 2606 annuntiatum

105 2621 185 2690 fieri
206 2623 383 2698 sentimus,
405 2624 573 2690 r'atione'rn
593 2627 741 2690 reddere
754 2645 855 2689 nemo
877 2623 994 2712 potest.
1027 2621 1112 2710 Quia
1129 2623 1222 2689 enim

105 2707 183 2772 vim
210 2707 376 2772 seminum
410 2707 584 2796 cogitans,
615 2711 786 2795 quomodo
807 2729 869 2795 per
889 2729 1048 2772 numeror
1068 2709 1222 2772 locorum

107 2807 146 2856 et
167 2805 358 2878 temporum
379 2790 416 2854 in
443 2793 551 2858 variae
567 2791 694 2879 speclea
709 2791 924 2868 animalium,
947 2789 1126 2864 fruticum,
1148 2793 1222 2855 her-

107 2877 231 2940 barum
253 2897 346 2940 erum
373 2887 457 2962 unt3
480 2898 540 2940 cur
561 2891 595 2938 et
616 2878 786 2962 quomodo
809 2873 921 2939 dicere
941 2875 1139 2962 praesumat,
1163 2888 1223 2939 aut

107 2977 230 3024 eorum
260 2897 448 3024 occalionea
463 2963 520 3024 .ad
546 2951 898 3058 purum'dignolcere
928 2958 1141 3058 praevaleat,
1186 2971 1222 3021 et

104 3061 184 3108 non
206 3041 370 3108 continuo
391 3057 611 3129 pronuntret,
633 3039 851 3107 haecomnia
865 3039 993 3106 divinia
1006 3039 1220 3126 legibuaom·

106 3147 191 3190 nem
212 3126 344 3203 sensum
365 3140 399 3189 et
416 3125 628 3191 intellectum
641 3123 873 3224 superantibus
890 3124 1103 3188 attribuenda
1117 3121 1220 3188 lunt?
1246 3161 1248 3164 ·

106 3207 288 3298 Nulliaque
317 3209 520 3288 conjecturis
552 3205 657 3274 animi
686 3207 947 3297 inquirendum,
983 3228 1044 3272 cur
1070 3206 1133 3282 fic,
1165 3208 1220 3271 vel

108 3293 173 3368 lic,
204 3309 240 3358 et
266 3294 437 3380 quomodo
459 3295 521 3367 lic,
550 3293 688 3370 vallic,
722 3309 756 3357 et
772 3295 847 3357 'non
870 3291 967 3356 aliter
988 3292 1113 3356 debent
1134 3289 1222 3376 ordi·

108 3382 191 3442 neiu
221 3391 414 3464 temporum
440 3377 600 3464 implere,
638 3391 671 3440 et
693 3397 732 3441 ex
753 3375 977 3441 invifibilibua
999 3373 1101 3439 caufie
1124 3373 1162 3438 in
1184 3372 1222 3439 vi

107 3457 278 3526 feminum
306 3460 402 3524 timul
431 3457 619 3526 constitutis
639 3481 711 3524 non
733 3459 847 3536 fimul,
879 3459 936 3524 led
956 3473 1024 3522 tem
1052 3477 1148 3524 orum
1169 3455 1222 3522 in·

108 3542 258 3608 tertullio
282 3557 317 3606 et
335 3545 507 3617 locorum,
529 3543 566 3607 iu
592 3545 716 3610 formae
733 3543 899 3608 senfibilea
912 3481 1107 3631 proceriere,
1130 3541 1222 3630 quafi

104 3647 181 3692 non
211 3625 308 3691 aliter
334 3625 408 3692 fieri
438 3628 587 3718 pollent,
618 3628 642 3692 li
672 3627 810 3692 divinae
838 3628 1008 3692 voluntati
1030 3623 1126 3690 aliter
1147 3623 1221 3690 fieri

106 3709 305 3786 videretur,
338 3731 424 3798 quae
453 3713 552 3777 nulla
572 3712 648 3798 lege
668 3709 929 3797 constringitur?
961 3711 1047 3773 Nam
1069 3723 1104 3772 et
1125 3709 1222 3795 saepe
1269 3757 1274 3763 -

107 3810 229 3862 contra
261 3796 459 3862 consuetum
485 3810 626 3860 naturae
647 3795 779 3860 curium
799 3795 906 3859 multa
927 3794 1036 3859 [olent
1056 3790 1150 3869 fieri,
1180 3806 1221 3856 ut

106 3875 209 3943 nobie
231 3877 438 3954 ostendatur,
461 3879 553 3966 quod
575 3875 690 3944 divina
711 3877 927 3967 providentia
947 3897 1019 3942 non
1042 3896 1132 3950 unc,
1163 3875 1221 3940 led

106 3959 293 4048 multiplici
313 3965 416 4028 rnodo
440 3979 540 4050 atque
560 3961 699 4036 infinito
719 3961 827 4050 potest
848 3959 962 4027 omnia
981 3959 1218 4025 administrare.

112 4044 150 4109 si
178 4043 295 4194 itapue
323 4047 411 4112 nulli
439 4045 630 4111 intellectui
650 4046 788 4132 cognita
805 4045 849 4110 ert
868 4043 1092 4110 univerfitatio
1112 4042 1150 4106 in
1173 4041 1223 4107 di·

111 4125 203 4194 vicia
247 4125 365 4217 egibua
393 4129 654 4207 administratio,
688 4127 745 4194 cui
771 4128 1024 4198 rationabilium
1044 4128 1099 4192 vel
1123 4125 1221 4191 intel·

113 4212 312 4280 lectualituu
341 4213 448 4302 poteil
477 4213 550 4281 lieri
571 4211 745 4304 perspicua
765 4217 914 4296 ejudem
934 4209 1160 4280 univerlitatir
1182 4208 1218 4272 in
