3038 4832
317 205 396 290 138
656 209 709 278 lte
728 207 911 282 voutam
929 207 1103 297 naneae

318 391 439 462 omnia¹
463 391 837 493 quaecunquennoluit,
856 393 1075 494 ·⁶⁰.¹¹‘¹i‘¹³¹i⁶·
1110 409 1147 468 et
1174 417 1237 494 pgr
1256 395 1443 497 ‘Spiritum

317 479 480 542 Sanctum
501 475 598 540 suum
620 479 865 624 particulsrrter
886 478 1099 558 drstnburlle,
1122 493 1157 544 et
1178 479 1372 546 drstnbuere
1406 497 1445 546 et

318 559 572 628 distributurum
600 582 618 624 e
645 583 679 634 e,
711 578 746 626 et
775 563 819 634 ad
838 559 1094 632 fimilitudinem
1114 561 1219 640 trium
1241 563 1442 632 divinitatis
1492 641 1493 656 χ

315 645 533 731 personarum
567 665 735 731 cognosce
762 643 973 712 intellectum
1003 649 1151 714 nostrum
1187 647 1303 714 omnia
1332 670 1444 746 quae·

315 723 452 814 cunqu'e
475 731 516 794 de
538 729 612 790 Deo
634 727 804 815 causisque
824 751 936 808 rerum
957 733 1064 817 potest
1083 731 1274 820 intelligere
1297 754 1445 798 unsver-

316 811 437 878 [aliter.
459 809 495 876 in
525 810 657 886 ratione
685 835 745 899 per
773 813 1006 900 cognitionem
1021 831 1106 883 actu
1127 815 1287 886 scientiae
1309 838 1443 892 creare,

315 899 382 962 hoc
405 895 449 960 est
470 895 637 974 soniare,
661 889 696 959 e‘t
715 917 776 982 per
799 897 930 962 lenium
952 900 1266 986 consubstantialem
1285 899 1347 966 libi
1356 922 1444 998 par·

315 977 502 1044 ticulariter
522 977 559 1044 in
581 979 724 1065 fingulas
745 1002 858 1046 rerum
880 973 1119 1064 diffinitiones,
1143 1007 1224 1070 quas
1246 985 1282 1048 in
1300 1001 1443 1053 rotrone

315 1061 466 1150 colligit,
489 1061 787 1161 contemplationis
808 1063 1345 1152 virtuteinconfnlaedividere3
1367 1070 1443 1134 hoc

316 1146 378 1222 est,
413 1145 504 1222 suam
526 1147 759 1234 cognitionem
780 1145 968 1235 unicuique
991 1149 1194 1236 cautiffirnae
1217 1149 1441 1216 discretionis
1492 1169 1493 1184 ¹

315 1227 476 1296 contuitu
498 1235 762 1297 accommodare.
790 1237 837 1310 D.
853 1233 947 1297 Hae'c
961 1233 1313 1333 quodammodomihi
1327 1235 1442 1332 splen·
1492 1307 1493 1314 ἶ

315 1316 470 1390 descunt,
485 1313 543 1378 led
552 1305 635 1401 quid
644 1315 738 1387 distat
746 1315 837 1380 inter
845 1332 1078 1404 operationem
1087 1315 1259 1384 creatricis
1267 1333 1438 1397 tnmtatrs

314 1413 350 1464 et
363 1421 435 1465 non
450 1413 589 1476 creatae,
613 1413 647 1462 et
663 1415 776 1464 actum
788 1397 949 1466 trinitatis
961 1418 1091 1476 creatae
1102 1399 1258 1476 creantis,
1276 1399 1440 1468 nondum

293 1535 296 1546 .
340 1481 500 1570 erspici03
512 1481 668 1565 creantis,
679 1481 775 1563 dic03
790 1505 860 1548 non
872 1481 963 1548 enim
973 1483 1166 1562 dubitimus
1178 1481 1368 1550 trinitatem
1377 1505 1441 1550 no·

356 1589 395 1632 ao
412 1582 665 1652 naturaalquae
680 1589 751 1631 non
767 1565 880 1654 imago
895 1565 961 1632 Dei
973 1567 1033 1643 est,
1050 1567 1108 1632 led
1118 1570 1160 1632 ad
1170 1566 1358 1667 imaginem
1368 1565 1439 1632 Dei
1492 1607 1493 1624 r

211 1631 217 1640 .
314 1649 464 1726 condita,
480 1651 562 1730 (sola
576 1648 669 1714 enim
681 1672 759 1714 vera
773 1649 885 1737 imago
901 1649 1077 1714 invisibilis
1088 1649 1155 1715 Dei
1170 1651 1320 1726 est,et1n
1338 1653 1439 1716 nullo

317 1733 499 1808 diffinitis,
524 1732 751 1878 unigenitum*
764 1732 829 1797 Dei
851 1735 995 1800 Verbum
1015 1732 1108 1798 Patri
1131 1750 1166 1798 et
1186 1733 1331 1819 Spiritui
1348 1733 1442 1800 coel·
1492 1723 1493 1748 ¹

313 1815 466 1897 lentisle)
491 1837 562 1881 non

314 1901 374 1968 lub
404 1899 438 1963 l'e
467 1901 687 1963 adhaerentes
717 1897 779 1964 fibi
797 1899 910 1969 senine
928 1899 1158 1987 ‘sensuumque
1182 1897 1356 1976 officinas,
1389 1917 1441 1966 to-

314 1985 549 2069 tumquerhoc
573 2004 695 2070 corpus
718 1984 816 2047 [uum
835 1986 977 2048 mortale
1000 1981 1098 2068 dico,
1131 2004 1261 2062 creare3
1297 2006 1339 2048 ex
1360 1987 1437 2050 Deo

312 2067 476 2154 liquidem
510 2069 553 2130 ad
584 2065 767 2152 imaginem
797 2067 863 2131 Dei
895 2088 935 2132 ex
968 2065 1190 2134 nihilofacta
1212 2065 1275 2144 eth
1311 2088 1439 2156 corpus

313 2173 394 2217 vero
417 2151 513 2216 suurn
536 2149 607 2236 ipsa
630 2167 739 2224 creat.
771 2172 842 2215 non
865 2165 978 2215 tamen
1001 2153 1045 2214 de
1065 2148 1195 2224 nihilo.
1226 2151 1284 2215 sed
1309 2153 1355 2216 de
1378 2151 1436 2216 ali·

600 1817 695 1880 olum‘
718 1819 760 1880 de
780 1815 891 1882 nihilo
914 1817 977 1881 ess'e
998 1833 1166 1892 creatam,
1188 1839 1310 1882 verum
1333 1818 1441 1882 etiarn
1492 1881 1493 1884 ,

314 2255 400 2323 quo:
423 2233 535 2298 anima
557 2255 703 2320 namque
725 2234 805 2299 inco
848 2235 953 2297 orales
976 2233 1153 2319 qualitates
1173 2232 1336 2300 inunum
1355 2257 1437 2301 con·
1492 2291 1493 2302 2

312 2317 524 2406 glutinante,
548 2331 583 2378 et
604 2317 693 2400 quafi
715 2319 807 2401 quod
833 2337 885 2380 am
909 2313 1096 2395 subjectum
1118 2315 1195 2402 iplis
1213 2315 1435 2404 qualitatibus
1492 2355 1493 2366 κ

313 2425 355 2465 ex
384 2397 574 2485 quantitate
597 2399 750 2462 sumente
771 2414 806 2461 et
826 2399 1058 2484 supponente.
1092 2420 1151 2464 cor
1177 2423 1215 2466 us
1238 2399 1297 2472 fibi
1320 2419 1435 2479 creat;
1492 2459 1493 2468 ,

312 2475 349 2550 in
382 2504 450 2578 quo
475 2481 624 2546 occultas
646 2482 719 2544 suas
742 2480 893 2546 actiones
916 2505 977 2567 per
998 2481 1030 2546 se
1054 2423 1238 2550 inviniiles
1260 2485 1436 2550 manifeste
1492 2507 1493 2512 ’

310 2582 455 2652 apertat,
488 2562 593 2650 inque
627 2563 813 2628 sensibilem
836 2564 1014 2630 notionem
1033 2569 1216 2652 producat,
1247 2583 1288 2632 ut
1307 2571 1378 2648 jam
1398 2568 1435 2634 in
1492 2607 1493 2640 2

309 2647 416 2738 priori
449 2645 535 2712 libro
560 2642 768 2744 disputatum
791 2648 852 2724 est,
891 2663 925 2713 et
946 2651 1057 2714 adhuc
1078 2653 1161 2714 dum
1183 2653 1226 2714 ad
1248 2653 1435 2718 considera·
1492 2725 1493 2730 η

310 2733 442 2800 tionem
477 2730 622 2798 actionis
646 2731 916 2818 primordialium
939 2733 1113 2797 causarum
1134 2751 1338 2820 perventum
1363 2737 1433 2802 fue·

308 2815 372 2892 rit,
405 2813 603 2961 diligentius
631 2813 902 2901 investigabitur;
938 2837 1033 2882 nunc
1065 2831 1179 2882 autem
1209 2821 1303 2904 quod
1335 2817 1434 2886 instat

309 2898 438 2988 aperias
485 2896 588 2998 agito.
944 2961 950 2968 .

373 2986 422 3048 Μ.
445 2985 555 3060 HuJus
580 2978 781 3079 quaestionis
801 2978 925 3044 solutio
947 2979 1107 3045 facillima
1123 3002 1162 3044 ac
1175 3003 1264 3066 pene
1280 2983 1351 3050 sine
1363 2985 1433 3049 ullo

309 3071 423 3134 labore
455 3063 540 3129 mihi
573 3067 718 3129 videtur.
763 3063 901 3126 Summa
934 3063 1098 3152 fiquidcm
1122 3064 1255 3130 trinitas
1278 3068 1432 3132 omnium

309 3175 426 3218 rerum.
445 3147 608 3223 creatrix,
642 3164 675 3212 et
698 3170 716 3211 a
739 3147 834 3212 nullo
854 3161 985 3221 crecta,
1015 3145 1130 3210 omnis
1152 3169 1239 3246 quae
1263 3150 1367 3227 fecit,
1390 3153 1430 3216 de

311 3235 421 3300 nihilo
446 3231 537 3296 fecit.
566 3231 745 3316 Proprium
769 3227 860 3293 enim
878 3228 1014 3295 divinae
1031 3229 1193 3296 bonitatis
1212 3232 1272 3308 est,
1297 3256 1338 3298 ex
1348 3255 1430 3300 non·

308 3313 525 3383 existentibus
547 3311 584 3378 in
608 3311 837 3386 existentiam,
862 3335 947 3400 quae
970 3316 1045 3378 vult
1066 3311 1158 3390 fieri.
1181 3336 1315 3390 vocare„
1343 3319 1429 3382 Nam

309 3417 345 3466 et
365 3404 432 3466 hoc
456 3418 605 3470 nomen,
640 3401 733 3483 quod
755 3395 798 3460 est
818 3396 975 3472 bonitas,
1009 3418 1080 3461 non
1104 3395 1242 3462 aliunde
1265 3399 1314 3465 o‘
1342 3401 1430 3466 'nem

311 3483 428 3556 ducit,
451 3479 514 3544 nifi
539 3502 559 3543 a
580 3484 685 3546 verbo
706 3483 856 3558 Graeco,
891 3485 983 3568 quod
1005 3481 1049 3546 est
1069 3479 1164 3561 βοῶ,
1198 3485 1304 3548 hoce
1334 3484 1430 3559 ,cla-

261 3581 264 3596 ‘
306 3585 385 3636 mo·
410 3565 485 3646 βοῶ
508 3579 646 3642 autem,
669 3579 704 3629 et
724 3561 836 3643 καλῶ,
858 3565 1003 3640 boecii,
1028 3565 1136 3630 clamo
1152 3579 1186 3628 et
1196 3585 1300 3642 voco,
1322 3589 1429 3632 unum
1492 3577 1493 3592 ¹

309 3614 443 3718 lenium
464 3645 656 3736 poffident3
679 3647 806 3712 etenim
828 3648 887 3736 qui
908 3665 1027 3724 vocat,
1052 3646 1234 3747 laepiffimc
1255 3649 1292 3716 in
1311 3653 1430 3716 clamo-

306 3759 380 3806 rem
409 3729 568 3819 erumpit.
611 3735 704 3797 Deus
736 3753 815 3820 ergo
845 3753 916 3800 non
938 3731 1223 3798 inconvenienter
1244 3735 1357 3803 bonus
1379 3731 1425 3800 di·

306 3818 401 3898 eitur
423 3833 458 3882 et
477 3814 630 3898 bonitas,
655 3815 734 3904 qnia
756 3815 871 3883 omnia
892 3819 934 3884 de
954 3815 1125 3884 nihilosin
1147 3815 1319 3884 effentiam
1337 3811 1430 3883 reni·

215 3963 219 3972 .
309 3925 346 3972 re
375 3899 587 3988 intelligibili
615 3901 760 3984 clamore
790 3899 927 3978 clamat,
974 3899 1122 4002 ideoque
1150 3902 1276 3967 Graece
1307 3901 1429 3968 dicimr

307 3991 402 4056 Deus
434 3981 562 4064 καλὸς,
597 3979 636 4052 id
667 3985 733 4060 eil,
765 3979 903 4064 honum*
932 3979 1054 4054 dasiro
1085 3979 1199 4054 πάντα
1232 3983 1349 4054 καλεῖν
1383 3979 1428 4056 its
1492 4051 1493 4064 ,

310 4063 448 4148 oiroiaa,
462 4071 539 4134 ‘hoo
560 4067 623 4146 est,
647 4091 687 4136 eo
709 4072 802 4156 quod
819 4068 938 4156 omnia⁴
953 4084 1054 4135 vocat
1065 4069 1103 4137 in
1118 4069 1311 4156 clientium
1330 4085 1429 4158 cunc·

313 4171 347 4222 ta
369 4153 552 4244 siquidem,
574 4173 660 4242 quae
679 4153 876 4222 naturaliter
891 4153 1080 4242 subsistunt,
1103 4152 1317 4243 denibiloin
1331 4153 1426 4222 elrrn·
1492 4201 1493 4254 3

1181 4319 1198 4366 Ι
