3036 4862
508 269 616 339 biber
637 271 803 355 Qttorltu.
918 243 921 250 ¹
1130 258 1217 340 88¹7

103 469 260 518 naturam
282 465 321 516 ut
341 454 481 520 salvaret
501 473 573 518 earn
597 469 631 518 et
651 453 688 518 in
707 451 825 518 statum
837 449 1013 539 prilllnuru
1029 470 1212 534 revocaret,

100 535 411 602 inuniverlitatem
434 535 633 604 substantiae
653 538 731 602 suae
753 535 925 616 adjunxit:
964 551 1003 600 ut
1025 535 1063 600 in
1085 539 1214 604 duabus

101 619 232 684 naturis
254 618 591 696 lubbsteret‚'dirina
611 619 771 686 videlicet
792 637 824 686 at
848 639 891 682 ue
911 621 1074 696 humana,
1098 635 1132 685 et
1147 623 1214 688 hoc

101 703 148 768 est
175 705 267 790 quod
288 696 449 802 scriptura
470 699 537 770 uite
577 705 805 790 Produxltque
868 723 924 768 eus
944 703 986 767 da
1004 705 1117 779 burno,
1147 709 1215 772 hoc
1253 734 1256 762 ι

104 786 148 850 est
178 805 217 850 ex
245 785 411 854 materani
439 788 546 853 nollra
567 787 799 854 natura'omne
817 787 956 870 iignum.
988 787 1122 864 hoc‘est
1140 809 1212 854 ver·

100 871 182 934 burn
215 867 449 936 incarnatum
480 870 516 936 in
540 893 607 960 quo
629 887 664 938 et
682 893 744 958 per
785 873 855 935 uod
875 863 964 935 ia‘ctu
985 869 1063 935 lunt
1084 871 1210 948 omnia,

101 967 137 1017 et
167 955 260 1038 quod
289 952 334 1016 est
354 951 480 1019 omnia.
525 955 636 1042 lpl'um
659 955 750 1020 euim
764 893 984 1020 lotummodo
1005 954 1049 1018 est
1069 951 1214 1020 substan·

101 1034 181 1100 tiale
201 1037 341 1100 bouum.
386 1037 526 1102 Caetera
550 1037 641 1104 enirn
663 1059 747 1124 quae
770 1037 930 1103 dicuntur
951 1037 1013 1102 elle
1033 1039 1124 1103 bona
1139 1059 1212 1103 non

99 1135 159 1205 per
189 1118 238 1193 le,
276 1119 332 1184 led
386 1119 621 1208 articipatione
648 1119 749 1210 ipsura
776 1123 865 1186 bona
886 1121 983 1200 lunt3
1017 1119 1075 1208 qul
1097 1143 1158 1208 per
1179 1123 1213 1186 le

98 1217 179 1265 rere
200 1199 339 1268 exilient
360 1141 490 1270 ionum
512 1205 573 1278 cll,
605 1219 639 1268 et
662 1207 913 1270 omnebonum
936 1218 970 1267 et
989 1203 1145 1276 bonitas.
1177 1221 1212 1270 et

99 1283 206 1349 totino
236 1285 319 1353 boni
349 1303 383 1350 et
412 1286 574 1352 bonitatia
603 1289 681 1353 fone
704 1303 738 1352 et
759 1286 875 1376 origo,
913 1285 1009 1350 caula
1033 1303 1066 1351 et
1086 1285 1212 1386 princi·

97 1367 214 1454 piutn,
229 1449 238 1466 ·
253 1367 331 1433 linio
354 1385 388 1433 et
408 1369 588 1458 perfectio,
611 1385 724 1438 motus
747 1387 846 1472 atque
864 1367 981 1516 puicu,
1005 1373 1156 1435 medium
1177 1386 1213 1436 et

98 1463 311 1526 extrenutaaa
345 1453 491 1518 ambitur
528 1469 563 1518 et
582 1455 689 1519 locut.
735 1455 842 1534 CuJuo
878 1467 993 1516 ructua
1015 1451 1087 1516 vita
1108 1467 1210 1517 aeter·

98 1551 143 1598 ua
165 1533 226 1609 est.
247 1537 343 1615 cuiue
366 1538 438 1602 elue
461 1535 623 1624 gaudium
646 1551 680 1602 et
700 1535 847 1610 laetitia,
870 1550 906 1599 et
925 1533 1111 1600 ineffabileo
1131 1535 1213 1600 deli·

98 1616 190 1691 ciac:
218 1622 313 1696 cujuo
346 1621 499 1706 aspectus
520 1621 662 1708 pulcher
682 1621 736 1685 est.
782 1619 852 1706 lpse
874 1617 1034 1704 Equidem
1056 1619 1212 1706 pulcrum

100 1715 133 1764 et
154 1699 348 1786 pulcritudo
372 1703 476 1768 totius
497 1704 630 1790 pulcri,
654 1719 688 1768 et
707 1701 949 1792 pulcritudinis
971 1703 1067 1767 caula
1090 1717 1124 1766 et
1134 1704 1212 1849 ple·

98 1781 241 1860 nitudu‚
264 1789 360 1864 cujus
382 1801 417 1850 et
437 1787 593 1854 comestio
614 1785 722 1852 nescit
742 1784 968 1858 saturitatem,
992 1805 1031 1850 eo
1049 1783 1131 1871 fiqui
1157 1806 1212 1850 em

98 1865 136 1930 in
182 1882 324 1934 uentum
346 1869 421 1955 quia
442 1869 607 1944 vescitur,
639 1869 676 1934 in
705 1885 838 1934 tantum
859 1867 895 1932 in
919 1867 1117 1934 desiderium
1137 1889 1213 1934 vee-

99 1885 200 2015 cenii
223 1951 408 2017 suscitatur.
453 1955 505 2016 De
526 1955 594 2018 hoc
614 1951 728 2040 ltuque
751 1949 979 2037 onningun,
1001 1951 1114 2027 idest,
1139 1973 1211 2018 oru-

98 2032 195 2096 nium
217 2035 386 2100 bonorum
406 2035 640 2120 plenitudine,
675 2033 778 2122 primi
799 2033 954 2098 homines
974 2033 1048 2118 juffi
1068 2036 1146 2100 lunt
1167 2033 1212 2098 ci·

98 2117 181 2180 bum
203 2115 349 2182 lumem:
382 2131 416 2180 et
439 2121 548 2181 adhuc
571 2115 666 2182 omni
687 2117 803 2206 generi
822 2119 973 2181 humano
994 2117 1076 2182 inde
1096 2115 1212 2182 vivere

121 2196 314 2286 raecipitur.
373 2199 544 2286 Quoniam
574 2221 656 2264 vcro
685 2197 788 2286 primi
813 2213 971 2286 parentes
995 2199 1076 2265 inde
1097 2199 1212 2266 cibum

96 2219 227 2346 lomere
248 2283 451 2359 noluerunt,
482 2303 561 2370 prae
588 2300 732 2372 onenteq
753 2282 784 2348 ei
804 2281 970 2363 prohibiti
989 2283 1076 2370 ligni
1097 2285 1213 2348 morti·

99 2364 207 2430 lerum
230 2364 400 2442 fructum,
436 2385 507 2432 non
531 2305 637 2432 solum
659 2365 728 2442 illi,
759 2386 877 2430 verum
902 2361 1004 2431 etiam
1026 2382 1136 2432 toturn
1158 2389 1213 2454 ge·

98 2465 163 2512 noe
194 2450 234 2511 ab
267 2448 315 2516 eit
344 2463 584 2538 propagatum,
618 2449 788 2529 lulliffimo
821 2447 941 2513 divino
961 2448 1090 2530 judicio
1118 2465 1214 2515 etex

100 2530 266 2618 uignltute
292 2546 440 2596 naturae·
461 2534 585 2618 expulsi
606 2533 684 2596 lutrt
705 2551 744 2598 ac
764 2547 873 2596 morte
896 2533 1056 2599 damnati.
1098 2533 1213 2599 Videa-

99 2634 144 2678 ne
163 2613 270 2702 igitur
290 2616 372 2702 quial
395 2615 505 2680 omnis
527 2613 613 2702 ligni
635 2617 803 2680 vocabulo
826 2615 967 2702 figurate
983 2613 1212 2682 divinuePro·

97 2699 219 2784 pheta,
256 2698 326 2761 lnro
356 2697 501 2784 Spirituo
532 2699 674 2760 Sanctus
703 2719 765 2796 per
793 2699 998 2784 Prophetam
1027 2699 1213 2784 fignificare

99 2779 235 2843 volult‘i
258 2783 301 2842 D.
322 2781 428 2843 Plane
451 2779 570 2842 video:
594 2793 628 2841 et
647 2779 736 2842 uihrl
757 2779 862 2854 aliud,
885 2793 925 2842 ut
940 2779 1097 2858 arbitror,
1120 2801 1213 2867 prue-

100 2877 152 2924 ter
182 2863 293 2926 Deum
326 2865 468 2925 verbum
489 2859 663 2926 hominem
686 2863 812 2926 factum
833 2865 1083 2927 omnebonum
1106 2861 1212 2928 totiu'o

98 2942 256 3030 pnaoifi,
285 2945 352 3008 hoc
382 2945 443 3019 est,
478 2941 583 3006 totiua
610 2943 738 3006 nostrae
767 2959 925 3026 naturae,
958 2959 992 3008 et
1026 2967 1098 3010 non
1120 2947 1215 3012 aliud

97 3042 232 3128 praeter
253 3026 362 3112 iplurn
384 3021 567 3100 subsistere,
600 3027 642 3090 dc
665 3045 732 3112 quo
755 3029 949 3102 comedere,
980 3029 1048 3092 hoc
1068 3027 1130 3104 est,
1153 3029 1216 3116 pio‘

98 3111 278 3175 rntettectu
307 3109 481 3255 percipere
512 3109 570 3172 seu
588 3109 656 3176 fide
678 3111 813 3174 credere
835 3107 906 3173 vita
928 3123 1063 3174 aeterna
1083 3113 1161 3188 est..
1180 3129 1215 3177 et

99 3191 369 3282 incorruptibilia
415 3192 542 3256 auitas:
584 3191 741 3280 ignorare
770 3213 852 3258 vero
880 3193 937 3257 vel
968 3215 1012 3257 ue
1037 3202 1091 3258 a're
1123 3217 1213 3261 more

100 3294 237 3343 aeterna
259 3277 303 3342 cll
327 3291 362 3340 ct
382 3275 517 3340 infinita
538 3277 721 3363 corruptio.
751 3277 799 3339 Μ.
824 3277 921 3342 Clare
945 3217 1117 3376 perlgpicis.
1150 3283 1214 3343 Re·

101 3363 160 3426 llat
179 3361 296 3448 itaque
318 3361 360 3424 de
381 3359 526 3446 γνωστῷ
549 3359 680 3436 dicere3
702 3363 769 3424 hoc
792 3361 851 3436 est,
876 3363 917 3424 de
936 3363 1031 3448 ligno
1053 3361 1214 3426 scientiae

100 3445 184 3509 boui
215 3459 249 3509 ct
277 3443 368 3508 mali.
412 3447 482 3506 Iam
513 3442 657 3509 diximus
690 3439 843 3530 γνώστὸν
873 3462 945 3507 non
976 3447 1018 3508 dc
1043 3450 1149 3510 verbo
1171 3449 1214 3510 ad

102 3531 263 3606 verbum,
285 3528 343 3591 led
367 3529 408 3592 de
429 3525 525 3590 sensu
547 3529 590 3590 ad
603 3526 741 3590 lenium
765 3525 910 3592 faciliori
931 3525 1109 3594 intellectu
1130 3535 1214 3594 mix·

101 3626 172 3674 tam
193 3609 407 3698 interpretari
427 3611 527 3696 polle.
556 3611 604 3672 'lit
626 3609 670 3673 est
692 3608 830 3696 quidem
851 3607 1005 3698 ’γνωστὸν
1018 3615 1215 3700 juxtaprae·

103 3695 212 3760 fatum
246 3693 438 3782 magistrum
460 3697 570 3774 (cuiae
592 3691 793 3776 sententiam
815 3697 858 3759 do
880 3695 1031 3780 paradiso
1054 3712 1088 3758 et
1109 3697 1215 3784 sequi·
1283 3761 1294 3769 ,

101 3789 199 3852 auur,
221 3791 256 3840 et
277 3777 476 3871 aperiendae
497 3775 710 3842 obscuritatis
733 3769 839 3864 gr'atia
852 3777 1125 3865 recapitulamus)
1147 3803 1215 3846 rna-

100 3860 178 3928 lltiu
198 3857 235 3924 in
256 3861 426 3958 phantafia
447 3859 531 3926 boni
553 3859 722 3936 colorata,
746 3860 916 3947 corporeis
937 3859 1083 3930 lenfibue
1106 3863 1213 3939 inlita,

100 3947 198 4035 ligno
219 3943 326 4030 puori
369 3947 439 4010 uod
459 3943 505 4010 est
524 3947 610 4020 πᾶν,
635 3941 776 4008 omnino
797 3943 1015 4010 contrarium.
1056 3947 1103 4010 Ut
1122 3945 1217 4012 enim
1257 4016 1265 4033 ,

100 4031 139 4098 in
161 4027 223 4093 illo
244 4045 346 4092 omne
389 4049 494 4114 onum
515 4025 720 4116 imaginatur
742 4041 777 4092 et
797 4047 899 4094 omna
919 4025 1050 4098 bonum
1071 4029 1135 4106 est,
1167 4027 1216 4093 ira

103 4113 143 4180 iu
164 4110 225 4176 illo
247 4107 442 4177 uuiverfitao
462 4111 570 4178 totius
591 4109 684 4177 mali.
732 4109 821 4176 Illud
840 4111 946 4202 igitur
970 4108 1014 4178 est
1035 4124 1137 4179 omne
1158 4111 1217 4176 bo·

105 4217 190 4264 uum
218 4211 298 4260 vere
320 4193 506 4272 subbibens,
536 4199 604 4262 hoc
626 4207 738 4261 autem
761 4211 863 4261 omne
882 4197 1007 4264 malum
1030 4212 1091 4282 per
1110 4197 1215 4282 phan-

737 4313 818 4378 25*
