2884 4820
405 235 538 324 ,erte-x
557 201 718 320 omum.
1039 214 1119 310 eia
1185 331 1191 344 .

29 419 104 508 Quis
121 421 206 481 otim
225 420 283 503 qui
299 420 407 496 uiuit,
432 431 467 482 et
486 441 553 486 non
568 419 699 484 uidebit
718 429 873 494 mortem
890 415 949 486 sed
961 435 1116 498 nouom·
1173 413 1176 420 ’

26 521 81 564 nee
111 497 372 565 immutabimur.
413 502 499 566 Nam
529 501 591 588 qui
622 503 662 566 ab
682 500 785 568 initio
808 500 929 580 mundi
948 523 1054 588 utque
1073 505 1119 580 ad

28 584 203 678 secundum
224 581 365 648 Do'mini
386 586 587 662 adventum,
608 587 675 652 hoc
695 585 740 650 est
760 606 866 683 utque
889 587 931 652 ad
952 584 1054 672 linem
1070 585 1116 649 se·

27 667 87 730 cult
106 665 230 730 mortui
255 667 347 741 lunt.
391 681 425 730 et
444 667 650 743 moriuntur,
687 683 721 734 ct
739 666 894 734 moraturi
915 668 1009 745 sunt,
1044 688 1118 732 non

27 747 183 829 continuo
215 751 338 836 absque
359 750 427 812 ulla
448 772 563 828 mora,
597 772 714 814 vetum
732 749 936 836 interpositio
954 765 1117 836 tempora·

24 829 104 894 libus
131 831 243 918 spatiis
275 831 550 908 resurrectionem
578 833 726 918 corporir
758 855 970 900 communem
1001 853 1118 918 expec-

26 928 110 988 tant,
132 930 263 1011 praeter
285 935 342 978 eoa
362 913 428 1000 qui‘
442 937 518 980 cum
536 915 663 980 Christo
678 917 939 982 resurrexerunt:
961 913 1011 978 illi
1024 905 1125 990 νοω(

27 1015 103 1080 quoe
134 1019 171 1060 rn
204 1018 303 1062 carne
325 995 477 1064 viventes
498 999 576 1064 linia
596 998 717 1064 mundi
738 1016 772 1064 et
792 1003 957 1064 adventuo
978 995 1120 1063 Domini

24 1077 186 1153 inveniet.
209 1099 279 1144 non
301 1079 407 1144 totum
424 1081 615 1158 dormient,
636 1104 753 1146 verum
775 1079 1117 1163 etiamfimmutabun·

25 1175 90 1224 tura
124 1164 220 1228 nullo
240 1161 366 1306 quippe
389 1165 563 1250 temporali
584 1165 690 1250 spatio
712 1163 907 1250 interpofito
927 1165 1022 1232 simul
1045 1165 1119 1229 dot·
1167 1209 1170 1222 .

22 1241 124 1308 trient
158 1259 192 1308 et
228 1243 282 1308 evi
308 1248 455 1320 tabunt,
491 1249 556 1312 hoc
586 1248 630 1312 est
660 1247 848 1332 morientur
874 1263 908 1312 et
933 1245 1117 1342 resurgent,

24 1325 102 1388 ficut
120 1323 190 1412 ipse
211 1267 382 1412 Apodolua
404 1328 504 1405 dicit,
526 1329 562 1394 in
585 1345 777 1406 momento,
799 1329 836 1394 in
859 1328 929 1394 ictu
945 1333 1045 1395 ocuh.
1068 1333 1120 1397 lta

24 1422 60 1470 ut
111 1409 162 1474 lua
182 1407 373 1476 immutatio
394 1411 428 1475 in
453 1411 520 1488 eie,
552 1430 651 1498 quant
672 1434 761 1478 mora
781 1413 983 1500 perficiatur.
1028 1414 1119 1498 Quu-

23 1431 119 1586 modo
149 1491 240 1558 enim
268 1514 356 1558 mora
377 1493 613 1582 intelligitur„
633 1495 693 1560 ubi
712 1497 845 1562 nullum
867 1496 1008 1582 spatium
1029 1494 1119 1558 inter

24 1589 144 1638 eurtum
176 1577 217 1640 de
246 1577 309 1640 hac
338 1575 425 1652 vita.
455 1594 495 1642 et
517 1578 694 1644 tranaitum
713 1577 750 1642 in
772 1581 906 1646 alteram
927 1579 1120 1664 interpone·

25 1656 97 1719 tur?
131 1657 201 1740 Qui
231 1674 342 1724 autem
362 1663 621 1738 transtulerunt,
658 1685 766 1728 omnes
785 1665 916 1748 quidem
937 1660 1119 1740 immittendi«

22 1761 102 1834 mur,
113 1736 181 1830 Jed
193 1765 255 1806 non
269 1766 376 1807 omnes
393 1745 603 1819 dormiemus,
625 1745 712 1810 nihil
734 1745 825 1827 aliud
843 1745 1002 1810 videntur
1018 1744 1118 1816 velle.

25 1821 80 1884 ntsr
100 1826 192 1908 quod
214 1845 329 1890 omne·
348 1828 502 1892 homiues
524 1828 560 1892 in
581 1825 823 1906 resurrectione
844 1831 955 1892 sutura
972 1831 1013 1892 de
1026 1847 1120 1913 prae·

25 1903 102 1968 senti
124 1905 250 1970 vitain
273 1907 440 1983 suturam,
463 1909 520 1972 alii
542 1926 650 1973 morte
672 1912 821 1992 corporis
836 1909 1039 1996 interposita,
1062 1905 1122 1970 alii

23 2006 84 2050 uon
106 1986 319 2070 interposita,
342 1987 633 2071 immutabuntur3
654 1993 800 2073 quotide,
822 2007 860 2054 ut
880 1991 970 2055 idem
986 1989 1120 2075 Apollo·

24 2069 67 2132 tu
89 2069 159 2141 ait,
188 2071 404 2150 corruptibile
422 2073 504 2144 boc,
537 2072 696 2136 videlicet
716 2093 853 2157 corpus,
881 2073 995 2136 induet
1018 2075 1120 2136 incor-

24 2155 217 2230 ruptionem,
250 2165 284 2214 et
314 2155 449 2217 mortale
468 2155 529 2218 hoc
550 2157 664 2218 induet
685 2155 981 2229 immortalitatem,
1013 2167 1047 2217 et
1064 2153 1120 2218 ab·

17 2227 197 2324 sorbebitur
216 2256 302 2300 mors
322 2241 355 2300 in
375 2240 568 2311 victoriam,
592 2251 624 2302 et
645 2233 811 2329 noviffrme
823 2242 962 2302 inimica,
976 2235 1118 2328 destrue·

23 2333 71 2380 tur
98 2339 202 2382 mors:
233 2319 289 2380 sed
322 2339 394 2384 non
415 2342 531 2385 omncs
554 2321 776 2396 dormiemus,
807 2322 873 2385 hoc
894 2321 938 2386 eft
957 2341 1029 2384 non
1052 2331 1145 2384 om·'

24 2421 77 2462 nea
99 2415 242 2466 mortem
267 2401 375 2466 carnia
398 2401 593 2488 patientur,
624 2403 817 2489 priusquam
839 2407 881 2468 de
901 2403 971 2472 vita
993 2418 1121 2487 tempo·

25 2480 78 2545 tali
107 2483 143 2546 in
172 2481 275 2546 vitam
306 2483 530 2560 immittentur
565 2501 743 2550 aeternam.
786 2487 871 2549 Nam
893 2491 981 2571 quoa'
1000 2487 1122 2548 adven·

26 2580 73 2628 tur
101 2565 162 2628 filii
184 2563 343 2641 „hominis
364 2565 459 2630 νίνοο
480 2571 544 2644 jam
568 2568 604 2630 in
628 2589 726 2632 carne
746 2567 911 2652 reperiet,
939 2587 1029 2631 more
1051 2575 1122 2650 σοι’·

26 2648 108 2732 porir
130 2667 201 2710 non
226 2647 399 2718 dissolvet.
421 2669 484 2712 nec
507 2649 747 2735 separationem
770 2648 918 2735 corpotia
941 2664 975 2710 et
990 2646 1121 2711 animae

25 2729 207 2826 patientum
245 2730 302 2794 sed
332 2731 539 2798 solummodo
571 2731 608 2794 in
636 2745 827 2808 momento,
863 2731 899 2794 in
929 2729 1001 2794 ictu
1031 2726 1122 2808 oculi

26 2811 289 2876 immutationem
328 2813 500 2878 habebunt
508 2833 520 2886 ς
562 2811 707 2898 ideoque
733 2833 804 2876 non
838 2811 1024 2885 dormient.
1066 2810 1122 2874 sed

28 2895 169 2980 semper,
191 2896 283 2959 nulla
304 2911 411 2960 morte
432 2893 539 2960 carnis
561 2895 772 2991 interpofita,
794 2893 921 2958 vivent.
965 2883 1031 2958 cus
1048 2893 1123 2960 ¹seu·

27 2977 72 3040 lui
95 2973 234 3042 omnino
257 2977 346 3042 lavet
368 2979 509 3042 Sanctus
531 2977 729 3073 Augustinus
750 2989 785 3040 et
803 2979 947 3043 loannes
981 2975 1122 3056 Chryso·

27 3059 151 3126 llomue.
203 3059 301 3124 Fides
337 3057 437 3124 etiam
471 3055 798 3136 catholicaridetur
829 3062 896 3124 hoc
927 3060 1121 3144 approbare,

49 3164 108 3210 uae
137 3143 375 3207 incunctanter
395 3141 502 3208 credit
522 3142 707 3206 Dominum
728 3141 874 3206 nostrum
896 3139 1003 3204 selum
1027 3135 1123 3204 chri·

30 3163 105 3290 lium
124 3224 273 3304 judicare
293 3224 389 3289 νίνοο
413 3241 446 3289 et
465 3241 613 3289 mortuos
635 3238 834 3288 venturume
855 3222 951 3288 vivos
973 3221 1121 3309 quidem.
1152 3281 1156 3290 ,

30 3329 105 3392 quoa
126 3310 290 3372 adventur
311 3307 433 3388 judicie
455 3323 627 3372 manentes
653 3309 762 3372 adhuc
782 3305 820 3370 in
842 3325 942 3370 carue
956 3301 1120 3390 reperiet:

29 3407 172 3455 mortuoa
198 3410 299 3465 vero,
334 3389 393 3475 qui
423 3393 488 3467 jam
521 3390 721 3454 solutionem
751 3388 903 3474 corporis
937 3402 971 3450 et
992 3385 1124 3451 animae

30 3472 163 3570 perpelli
182 3471 279 3554 sunt„
322 3475 365 3536 D.
387 3473 510 3536 Nonne
532 3493 610 3617 erpo
633 3491 766 3546 omnet,
796 3469 912 3557 quiin
932 3467 1121 3556 paradisum

30 3555 164 3619 redituri
184 3555 277 3629 sunt,
299 3557 365 3620 hoc
387 3551 430 3618 est
449 3553 486 3618 in
508 3554 559 3640 pri
586 3555 676 3619 inam
696 3568 835 3618 naturae
855 3555 1021 3617 humanae
1041 3569 1122 3622 con·

31 3635 203 3713 ditionem,
233 3635 319 3723 ligni
348 3637 437 3701 vitae
468 3637 617 3702 fructum
646 3633 924 3722 participabunt?
959 3637 1008 3698 M.
1041 3633 1121 3698 Non

32 3739 147 3788 umnec·
164 3723 281 3808 plane,
304 3720 362 3784 sed
381 3719 459 3796 toli,
483 3719 542 3806 qui
562 3721 729 3784 mundum
750 3732 783 3782 et
803 3739 937 3782 carnem
957 3713 1120 3794 vicerim

30 3802 106 3868 stcut
132 3805 170 3870 in
207 3801 399 3889 Apocalypsi
421 3802 580 3889 scriptum
603 3803 669 3866 elit
703 3804 741 3868 V
738 3803 838 3874 icenti
858 3799 943 3876 dado
965 3801 1059 3864 edere
1079 3799 1121 3870 de

29 3885 237 3967 ligno-vitae,
257 3887 345 3970 quod
365 3882 413 3972 cll
434 3888 468 3949 in
483 3879 642 3979 paradiso
656 3886 730 3949 Dei
746 3887 819 3948 mei.
847 3886 892 3946 Et
906 3881 1011 3968 gratia
1028 3881 1121 3966 liqui·

32 3969 101 4034 dem
127 3985 161 4034 et
188 3983 324 4044 natura,
358 3965 454 4036 utin
477 3967 702 4054 superioribus
724 3979 899 4032 tractatum
922 3959 1000 4037 est‚·
1017 3961 1123 4028 omni·

34 4049 90 4116 but
117 4049 312 4117 hominium
341 4051 566 4116 communiter
592 4049 771 4148 praestatur
803 4049 839 4114 iu
867 4048 1054 4134 paradisum
1073 4065 1123 4108 re·
1193 4105 1196 4123 ,

36 4129 118 4204 diret
139 4135 204 4216 sela
224 4153 305 4198 vero
325 4123 527 4226 gratia'solia
549 4129 711 4200 deificatio
732 4135 776 4198 de'
794 4129 889 4234 ligno
909 4131 999 4194 vitae
1012 4127 1121 4194 edere.
