2952 4824
484 213 768 294 manarum.
819 174 850 275 s
1042 167 1057 176 ’
1134 223 1186 296 aa
1266 282 1289 328 ,Ι

75 419 149 464 reru
170 415 279 488 neque
299 401 393 468 Deua
413 402 503 490 agit,
527 389 639 494 neque
658 404 806 492 patitur;
837 405 950 493 deque
969 422 1103 485 movet,
1123 429 1182 476 ne·

75 505 137 570 que
156 489 330 562 movetur}
353 507 464 574 neque
480 505 579 564 amat,
601 511 713 575 neque
730 504 872 556 amatur.
899 493 942 554 D.
958 493 1180 579 Haecpostre·

73 589 124 632 ma
157 567 325 633 conclufio
355 592 425 636 non
452 593 575 657 parvae
603 572 737 659 indiget
764 573 1051 642 considerationis.
1093 578 1181 644 Nam

73 651 169 726 huic,
191 667 230 715 ut
252 674 271 716 o
297 653 394 728 inor.
418 654 524 720 totius
539 657 688 728 Sanctae
709 656 901 743 Scriptutae
921 657 1179 746 sanctorumque

72 750 200 820 patrum
233 677 391 800 reiirctari
419 737 557 802 videtur
590 739 781 804 auctoritas.
826 739 1104 826 Quotiee'enim‚
1139 757 1180 806 ut

72 817 171 893 nosti,
194 819 318 884 Sancta
340 819 511 906 Scriptura
532 826 644 887 Deum
666 823 838 887 manifeste
854 823 1060 910 pronunciat
1080 847 1178 912 agere

72 917 102 963 et
120 901 208 997 pati,
231 925 341 968 amare
364 920 397 968 et
419 904 543 980 amari,
568 906 708 992 diligere
732 922 766 971 et
787 905 911 994 diligi„
933 907 1050 972 videre
1074 923 1108 972 et
1128 907 1178 974 vl·
1201 957 1204 966 .

71 985 152 1062 den,
181 991 321 1050 movere
355 1002 389 1052 et
408 987 785 1076 mandentemque
805 990 843 1054 id
888 991 996 1055 enus?
1031 1013 1178 1078 quorum

70 1069 214 1154 exempla
244 1091 349 1158 quum
379 1069 639 1136 innumerabilia
668 1074 763 1149 lunt,
796 1098 818 1160 p
862 1097 979 1162 amque
999 1074 1176 1161 quaerenti
1241 1069 1251 1086 '

69 1168 265 1228 occurrunt,
288 1175 333 1220 ne
354 1175 449 1218 nunc
469 1155 698 1242 prolixitatem
723 1173 905 1254 generent,
933 1157 1061 1243 placuit
1082 1179 1176 1245 prae·

69 1233 171 1300 terite.
216 1235 370 1323 Satisque
396 1240 465 1302 hoc
492 1261 563 1303 uno
586 1242 785 1326 evangelico
808 1243 975 1305 utendum
997 1241 1041 1304 est
1063 1264 1173 1308 exem·
1282 1283 1288 1294 ·

66 1318 127 1402 plo.
157 1321 229 1420 pai
246 1321 363 1403 diligit
385 1345 434 1384 me
453 1323 615 1404 diligetur
635 1347 656 1386 u
675 1337 876 1406 patrorum,
898 1337 932 1388 et
953 1347 1014 1408 ego
1029 1325 1171 1408 diligam

67 1425 147 1478 eum,
176 1417 213 1468 et
233 1397 410 1495 manifesto
432 1406 482 1482 tto·
502 1399 668 1504 meipsum.
713 1409 856 1472 Sanctus
877 1405 1000 1472 iterum
1021 1407 1172 1496 Augusti·

66 1507 124 1550 nut
143 1485 181 1550 in
205 1489 367 1553 Examero
391 1489 450 1552 suo
475 1493 516 1554 de
538 1490 655 1556 divino
678 1505 774 1554 motu
797 1489 977 1566 different,
999 1492 1083 1556 haec
1102 1513 1174 1556 ver-

66 1569 103 1632 ba
128 1570 289 1654 protulit:
321 1575 470 1654 Spiritus
498 1575 629 1658 quidem
659 1587 789 1640 creator
814 1589 925 1639 movet
934 1569 1084 1668 seipsum
1095 1572 1174 1664 fine

65 1665 204 1734 tempore
223 1669 258 1719 et
277 1657 365 1729 loco,
387 1661 497 1722 mouet
518 1659 684 1722 conditum
697 1653 861 1753 spiritum
883 1681 945 1740 per
958 1655 1174 1748 tempusstua

67 1736 147 1810 loco,
166 1753 279 1802 movet
300 1762 421 1823 corpus
440 1761 501 1822 per
521 1755 649 1825 tempus
670 1757 704 1804 et
723 1743 838 1808 locum.
880 1742 917 1806 Si
937 1741 1072 1828 itaque;
1098 1765 1173 1828 age·

66 1841 98 1882 re
117 1836 148 1884 et
167 1821 242 1907 pati
267 1825 308 1884 de
330 1826 423 1896 Deo,
447 1838 487 1885 ut
507 1823 600 1908 priua
623 1825 789 1902 diximus,
813 1846 1041 1904 numerere,
1063 1825 1170 1902 idest,

65 1923 126 1966 non
147 1903 562 1990 propriepraedicantum
586 1908 619 1970 le
643 1907 737 1970 uitur
756 1929 822 1972 nec
841 1929 997 1984 movere,
1020 1930 1085 1974 nec
1100 1929 1172 1974 mo·

65 1985 137 2050 reri.
182 1989 326 2051 Movere
349 1984 452 2050 'enim
481 2007 579 2072 agere
601 1929 661 2070 ei;
693 1989 926 2080 moreripvero
949 1989 1031 2076 pati.
1072 1995 1171 2068 Item,

65 2069 170 2136 fiuec
208 2069 279 2156 agit
301 2089 365 2132 nec
384 2068 534 2166 patitur,
571 2075 743 2156 quomodo
766 2071 891 2136 dicitur
913 2095 1023 2136 amare
1044 2073 1170 2149 omnia,
1252 2123 1255 2130 .

66 2151 215 2218 clamari
236 2155 276 2216 ab
301 2154 458 2216 omnibus
481 2173 567 2236 quae
589 2155 628 2216 ab
651 2173 691 2216 eo
710 2155 918 2219 factasunt?
940 2159 1060 2220 Amare
1077 2155 1171 2220 enim

65 2253 168 2300 mutua
192 2233 323 2321 agentia
347 2234 406 2310 est,
430 2233 533 2298 amari
554 2256 634 2298 vero
657 2235 837 2320 patientia3
862 2251 897 2315 et
918 2237 1015 2300 caula
1036 2253 1071 2302 et
1091 2237 1172 2302 finiat

65 2319 102 2382 cll
119 2335 245 2384 motus.
290 2319 355 2381 Sed
374 2321 441 2381 hoc
464 2315 541 2381 dico
562 2319 660 2380 usum
685 2317 861 2403 publicum
885 2318 1039 2404 sequena.
1081 2323 1171 2384 Nam

63 2402 184 2488 fiquia
216 2399 414 2487 diligentius
444 2420 556 2466 rerum
587 2399 769 2486 inspexerit
799 2417 980 2476 naturam,
1022 2393 1169 2488 reperiet

64 2489 144 2570 quod
177 2485 284 2550 multa
316 2487 417 2548 verba
472 2505 534 2548 uae
556 2505 634 2548 cum
654 2484 722 2548 sola
743 2483 839 2550 vocie
861 2485 898 2548 su
925 2483 1037 2550 erficie
1059 2485 1176 2558 activa,

64 2570 116 2632 elle
143 2567 346 2640 videantur.
377 2506 553 2631 inteiiectu
587 2583 700 2630 tamen
746 2567 879 2632 affixam
898 2509 1026 2643 iabent
1046 2567 1070 2631 st
1093 2569 1169 2633 nifi-

63 2651 244 2726 tationem
278 2666 311 2714 et
341 2671 360 2712 e
389 2649 557 2714 contrario
605 2649 702 2714 affiva
721 2591 914 2736 iuperficies
936 2593 1095 2714 actumi

63 2733 140 2798 litat.
185 2737 272 2800 Nam
327 2731 363 2796 ui
384 2749 474 2796 amat
493 2735 547 2796 vel
571 2673 702 2818 iiligit,
733 2732 803 2818 iple
824 2731 968 2820 patitur;
1004 2731 1168 2819 quivero

64 2834 185 2882 amatur
213 2819 268 2881 vel
325 2815 468 2900 ligitur,
501 2813 580 2902 agit.
623 2821 667 2880 At
693 2815 717 2879 st
742 2832 831 2880 amat
851 2820 943 2878 Deua
966 2836 1052 2902 quac
1073 2815 1167 2894 fecit,

84 2901 208 2966 toiecto
235 2899 371 2965 ridetur
396 2897 544 2968 moveri:
578 2899 637 2962 suo
664 2896 756 2962 enim
780 2919 892 2964 amore
912 2913 1080 2962 movetur.
1122 2901 1170 2964 Et

62 2923 234 3048 inuratur
264 2985 303 3046 ab
334 2981 386 3047 hia
418 3005 516 3068 quae
532 3003 642 3046 amare
671 2982 825 3067 poliunt,
860 2981 928 3044 five
954 2979 1062 3044 iciant
1083 2979 1168 3068 quid

62 3084 184 3142 amant,
217 3066 285 3130 five
312 3063 482 3142 nesciant3
517 3081 641 3130 nonne‘
662 3079 815 3148 apertum
846 3061 890 3126 est
919 3062 999 3149 quia
1026 3063 1166 3138 movet?
1228 3101 1240 3112 ·

61 3153 153 3216 Amor
174 3149 338 3248 siquidem
358 3147 624 3236 pulchritudiuis
645 3147 747 3232 ipfiue
769 3169 807 3212 ea
827 3161 953 3210 movet.
984 3147 1168 3232 Quomodo

64 3253 132 3320 ergo
154 3233 283 3298 dicutur
304 3253 416 3319 neque
436 3253 593 3305 movere,
629 3251 741 3317 neque
760 3227 912 3303 moveri,
946 3250 993 3295 ue
1013 3227 1169 3319 videatur

62 3305 205 3400 agere⁴et
225 3314 320 3402 pati,
331 3339 421 3462 2¹per
441 3313 606 3401 meipsum
628 3314 833 3378 considerare
852 3333 996 3411 nequeo.
1038 3315 1088 3378 Ac
1107 3334 1169 3459 pqr

62 3400 119 3464 hoc
136 3403 241 3480 hujua
286 3420 329 3462 ua
378 3397 385 3412 '

62 3483 200 3548 Putasne
220 3481 258 3545 iu
308 3481 334 3546 'a
356 3481 415 3568 qui
438 3496 561 3568 agunt,
585 3479 678 3546 aliud
693 3479 755 3544 elle
775 3495 948 3566 agentem,
972 3475 1167 3566 aliudpolle

98 3589 166 3642 ere,
199 3563 294 3630 aliud
324 3574 439 3650 agere,
472 3586 514 3628 au
550 3585 659 3628 unum
679 3561 859 3650 idemque?
891 3565 935 3628 D.
956 3563 1036 3627 Non
1058 3583 1167 3628 unum
1222 3611 1229 3626 .
1314 3610 1317 3618 -

62 3586 118 3711 iile
145 3647 286 3736 opinor,
322 3647 381 3712 led
410 3645 473 3710 tria
502 3649 666 3734 quaedam
693 3668 711 3708 a
736 3646 770 3708 se
800 3643 999 3710 differentia.
1041 3645 1166 3712 Amana

62 3729 166 3806 enim,
196 3734 265 3798 hoc
299 3729 358 3808 est,
390 3729 449 3817 qui
470 3743 578 3804 amat,
612 3727 789 3793 substantia
811 3731 974 3815 quaedam
995 3744 1106 3793 certae
1127 3749 1168 3794 ac

62 3811 215 3881 diffinitae
244 3812 289 3878 eil
309 3813 489 3900 personae,
523 3811 580 3878 cui
602 3810 726 3898 accidit
747 3815 909 3898 quaedam
931 3810 1087 3898 potentia
1133 3832 1168 3877 er

85 3917 157 3962 uam
173 3897 282 3987 potest
302 3918 320 3960 a
346 3919 419 3973 ere,
441 3897 509 3962 live
529 3898 711 3982 agat‚·live
733 3917 816 3964 non.
849 3895 885 3960 Si
905 3915 986 3959 vero
1008 3894 1080 3992 ipsa
1093 3837 1167 3960 iab-

128 3980 169 4048 tie
215 3992 249 4046 er'
272 3979 308 4068 ip
324 4003 379 4046 am
401 3979 591 4068 potentiam
611 3979 645 4043 fe
664 3978 824 4056 moverit,
863 3991 904 4043 ut
925 3975 1054 4066 aliquid
1078 3993 1165 4064 agat,

62 4083 150 4148 agere
206 4064 317 4131 'eitun
360 4065 410 4132 dc
436 4086 497 4154 per
523 4065 591 4130 hoc
625 4061 688 4126 tria
741 4066 883 4128 uaedam
909 4057 1071 4130 videntur
1091 4061 1165 4131 elle,

64 4147 231 4218 lubllautia
260 4147 327 4221 viz.
360 4145 417 4218 cui
449 4147 533 4216 inest
552 4167 650 4235 agere
670 4085 771 4234 poio
808 4145 921 4280 9anua
942 4138 1165 4233 poffibilitatis
1263 4171 1272 4196 ι

703 4267 723 4331 5

1096 2651 1170 2736 gni·

390 3397 464 3463 onia
486 3401 617 3462 nodum
637 3398 743 3460 lolvae
765 3393 923 3462 obnixius
945 3395 1086 3484 postulo.
1156 3441 1166 3460 .
1255 3433 1256 3438 κ
1331 3411 1333 3418 ’
