2884 4820
460 199 747 283 &sarmitum-
1076 205 1153 276 odo

58 379 145 446 cuim
164 381 290 446 malum
314 380 481 448 incausale
502 383 563 458 ell,
586 399 620 450 et
642 387 738 450 nullo
753 388 855 452 modo
872 385 1046 452 invenitur
1059 391 1151 457 uude

57 464 118 538 est,
141 463 189 528 ita
209 464 368 529 naturalia
388 465 471 531 boni
491 465 739 534 illicita'abulio
762 491 803 534 ex
819 471 909 535 nulla
921 469 1064 535 naturali
1076 493 1150 534 nae·

56 545 141 644 citur
161 548 267 612 causa
311 551 385 612 Hoc
406 559 517 614 autem
540 548 616 614 dico
636 553 676 617 B.
699 551 897 633 nlo'nyfium
916 551 1151 652 Areopapitam

57 629 197 706 rn,libro
219 633 261 694 de
281 629 417 694 Divinia
441 631 660 706 Nominibua.
684 647 718 698 et
742 636 775 700 S.
792 638 901 700 dures.
918 636 1148 722 augustanum.

56 709 90 775 iu
110 711 202 776 libria
226 715 268 777 de
290 711 413 778 Libero
435 713 579 780 Arbitrio
600 716 752 802 sequana.
793 719 939 788 Stultum
961 718 1042 805 quip
1069 718 1150 782 cest

55 814 167 859 comm
198 795 310 861 causae
361 817 496 862 uaerere
523 819 616 885 quae
634 801 729 864 nullo
757 821 896 886 genere,
930 804 1022 865 nulla
1041 743 1149 866 i'orma

54 879 105 941 vel
131 877 260 974 specie,
302 819 396 977 nriilq
416 876 556 945 nuiuero
578 883 744 948 bonorum
762 904 847 968 quae
868 905 887 947 a
908 885 1149 950 summobono

54 973 87 1022 et
106 963 281 1024 conditore
302 983 454 1027 nmmum
478 977 512 1028 et
531 965 619 1026 sacta
640 979 674 1028 et
694 964 950 1038 ordinata'sunt.
972 965 1148 1032 contineu-

52 1055 126 1116 tur;
149 1041 310 1130 quoniam
331 1044 467 1130 penitua
486 1043 652 1112 incausale
673 1062 707 1112 et
726 1047 970 1114 insubstantiale
988 1049 1149 1114 ellumnc

52 1127 140 1210 quod
161 1128 200 1190 ab
222 1148 263 1192 eo
284 1128 411 1193 sactum
432 1149 503 1192 uon
526 1130 579 1194 est.
632 1129 723 1194 Hinc
742 1129 827 1195 mibi
847 1131 1006 1196 videntur
1024 1130 1148 1195 raetica

50 1228 159 1272 rerum
188 1209 407 1297 proprietates
435 1212 670 1288 considerare‚.
694 1212 752 1298 qui
785 1211 903 1278 dicunt
929 1213 1148 1278 libidinosum

53 1289 257 1376 appetitum.
287 1313 358 1358 non
389 1309 501 1358 autem
528 1298 647 1374 malam
676 1297 886 1360 voluntatem
906 1296 1148 1396 suppliciorum

50 1375 178 1438 causam
199 1377 287 1460 esse..
312 1375 431 1464 nequia
453 1376 612 1442 existimet
633 1381 714 1442 duaa
735 1380 926 1443 voluntatca
948 1397 984 1440 tn
1006 1399 1074 1442 una
1096 1400 1147 1442 ea·
1276 1386 1278 1390 ’

52 1458 192 1543 demque
218 1474 337 1524 natura
367 1460 626 1546 comprehcndi3
655 1483 724 1524 nna
744 1460 880 1547 quidem
900 1462 1009 1536 bona,
1045 1461 1148 1524 altera

49 1559 125 1603 vero
147 1543 252 1617 mala3
277 1545 357 1608 dum
379 1563 446 1606 una
468 1545 624 1608 voluntaa
645 1541 854 1608 humanitati·
869 1541 968 1614 ἱππῆς
993 1541 1147 1628 quamvia

49 1619 142 1708 saepe
174 1622 211 1688 in
242 1627 356 1700 bono,
390 1626 486 1712 saepe
511 1625 547 1690 in
568 1629 656 1692 malo
677 1623 877 1712 accipiature
904 1624 1011 1690 libido
1034 1639 1148 1690 autem

48 1725 116 1768 uon
144 1705 252 1778 solum
278 1709 485 1774 naturalibus
512 1709 612 1776 bonia
633 1707 774 1775 omnino
795 1707 998 1782 excluditur,
1026 1711 1147 1774 verum

50 1787 147 1852 etiam
177 1806 235 1854 aut
264 1789 321 1854 vix
343 1807 400 1880 apt
421 1813 592 1879 nunquam
614 1791 650 1857 in
671 1782 915 1878 liquificatioue
935 1789 1018 1855 boni
1038 1789 1076 1854 in
1098 1789 1148 1855 di·

47 1869 125 1936 rina
152 1871 314 1960 scriptura
346 1874 521 1958 reperitur.
562 1877 648 1939 Nam
679 1889 713 1936 et
739 1873 866 1957 primur
895 1875 997 1937 bomo
1019 1871 1055 1938 in
1077 1890 1146 1958 quo

48 1973 163 2017 omnea
214 1969 433 2027 eccaverunt,
470 1955 613 2018 libidine
641 1953 838 2020 dominandi
860 1968 894 2016 et
914 1956 1011 2039 super
1031 1955 1147 2018 omnia

48 2035 213 2099 exaltans
246 2039 406 2122 deceptus
441 2035 502 2110 est,
539 2051 637 2122 atque
657 2035 811 2122 peccavit
832 2036 990 2099 suadente
1011 2035 1145 2102 diabolo

46 2137 82 2182 ac
105 2115 256 2182 dicente:
278 2121 313 2182 a'n
333 2139 517 2202 quoeunque
536 2119 591 2182 die
613 2119 820 2182 comederitis
835 2141 878 2182 ax
892 2140 948 2195 eo,
973 2117 1146 2204 prohibito

44 2198 203 2264 videlicet
223 2197 340 2285 ligno,
375 2205 563 2283 aperiantur
580 2201 667 2266 oculi
684 2199 804 2291 vestri,
827 2215 862 2264 et
881 2205 975 2266 eritis
982 2199 1077 2291 fient
1095 2203 1148 2266 dii

38 2277 181 2376 scientes
209 2283 337 2349 bomam'
355 2297 389 2346 et
419 2287 545 2346 andum.
589 2284 618 2348 0
641 2299 766 2370 quanta
786 2281 894 2348 libido
915 2283 1086 2368 superbiae
1106 2284 1147 2348 in

48 2365 104 2430 illo
138 2379 226 2441 erat,
257 2365 315 2464 qui
336 2367 392 2430 sua
413 2359 540 2430 virtute'
558 2367 738 2450 Deuanelse
758 2365 930 2453 cupiebat!
964 2365 1043 2432 Non
1065 2385 1146 2454 ergo

46 2450 253 2546 Peqanorum
270 2449 443 2532 impietae,
465 2451 519 2511 vel
537 2451 737 2513 ludaeorum
752 2449 908 2533 persidia*¹
930 2451 985 2512 vel
1006 2447 1147 2513 aliarum
1193 2461 1197 2470 '

46 2547 222 2596 nationum
243 2532 390 2596 sabulosa
412 2530 629 2594 deliramenta
651 2551 691 2594 ex
711 2529 918 2595 naturalibua
939 2533 1058 2612 cauda.
1088 2533 1147 2596 sed

48 2633 86 2676 ex
115 2613 299 2678 libidinosis
335 2612 577 2711 cupiditatibuo
613 2635 773 2676 vanarum
804 2611 1048 2698 cogitationum
1063 2634 1145 2758 pro·

46 2697 184 2770 fluxere;
207 2695 350 2782 ideoque
371 2717 407 2758 an
429 2697 523 2758 nullo
546 2715 660 2759 eorum
682 2710 801 2758 natura
821 2692 998 2778 punietur,
1029 2695 1061 2757 se
1106 2695 1144 2759 ll·

47 2777 135 2842 bido.
179 2777 303 2842 Omnia
324 2777 449 2864 quippe
472 2776 554 2845 vitia
576 2799 661 2862 quac
677 2776 862 2840 virtutibus
875 2775 1039 2840 contraria
1055 2778 1144 2853 sunt,

47 2851 1146 3008 llllllllnll‘lmllla⁸⁹ll?lnml‘ltlll‘nllllllff

45 3025 178 3112 piorum
210 3025 246 3090 in
279 2966 439 3090 falsoruiii
458 2988 595 3089 deorum
618 2965 729 3098 cuitu,
761 2961 965 3110 perfidiarum
988 3023 1025 3086 in
1045 3043 1147 3110 nega·
1241 3057 1244 3068 ·

47 3108 138 3173 tione
160 3108 330 3183 actitatio,
354 3107 557 3194 aliarumque
578 3107 730 3193 gentium
747 3106 785 3170 in
798 3105 950 3169 salsarum
963 3105 1146 3170 libidinum

47 3190 292 3266 deliramentia.
315 3191 350 3254 in
372 3189 550 3254 vaniffimia
571 3188 748 3275 phantasiis
770 3209 886 3253 eorum
908 3209 993 3275 quae
1012 3187 1071 3266 fibi
1092 3189 1146 3252 su-
1222 3239 1224 3244 .

49 3289 119 3340 tura
150 3275 304 3360 lingunt,
336 3275 415 3337 dum
437 3271 521 3337 nibil
544 3271 579 3336 in
603 3272 649 3336 eia
671 3271 850 3336 invenient
869 3285 999 3358 practer
1018 3269 1147 3336 incom-

48 3357 281 3442 prebenfibilea
320 3359 471 3430 umbrae,
516 3353 686 3441 suppliciia
714 3353 915 3441 relinquitur
945 3356 1144 3440 torquenda,

47 3441 256 3506 universitate
277 3438 478 3503 naturalium
500 3439 666 3503 bonorum
690 3437 863 3524 totiusque
878 3451 1051 3502 naturaea
1070 3439 1146 3502 Deo

49 3539 174 3590 creatae
198 3523 338 3609 integra,
354 3519 547 3609 pleniffima,
568 3521 802 3606 impunitaque
816 3533 1043 3606 permanente.
1064 3519 1147 3604 Gae-

48 3620 153 3672 terum
182 3603 345 3693 generalia
367 3603 517 3670 omnium
539 3603 717 3688 impiorum
740 3625 851 3699 poena
873 3601 952 3676 erit,
989 3617 1029 3666 ut
1049 3601 1147 3690 saepo

49 3689 209 3765 diximua,
231 3691 342 3754 luctua
363 3703 397 3752 et
419 3685 546 3750 tristitia
569 3690 610 3750 de
623 3685 770 3750 absentta
786 3701 820 3749 et
833 3684 1147 3771 perditione'rerum
1237 3735 1242 3746 .

47 3773 165 3858 quibua
187 3772 224 3836 in
245 3775 309 3836 bac
329 3771 398 3834 vita
415 3771 682 3846 delectabantur,
705 3790 844 3855 quarum
861 3771 1047 3854 phantafiaa
1065 3771 1147 3834 sem·

47 3877 104 3938 per
124 3854 229 3922 veluti
249 3875 329 3954 prae
351 3851 456 3919 oculia
478 3855 669 3926 habebunt,
692 3871 772 3950 quaa
794 3855 1076 3937 comprehendere
1098 3871 1146 3915 ar·

50 3940 163 4004 denter
184 3959 226 4003 cu
252 3953 359 4003 rentea
380 3935 585 4022 nequibunt,
609 3955 770 4023 quomam
791 3933 877 3998 nihil
892 3935 986 4008 sunt,
1009 3933 1146 4030 cupiens

50 4031 107 4084 tea'
127 4022 228 4088 conso
243 4021 389 4088 ationem
420 4021 541 4086 babere
570 4041 610 4086 ea
633 4017 684 4083 bia
705 4037 791 4104 quac
812 4017 1074 4102 desperationem
1089 4035 1147 4110 qu·

50 4120 177 4188 gerunt·
196 4119 232 4170 aa
261 4103 542 4191 inquietudinem.
586 4099 677 4170 llinc
707 4097 815 4168 oritur
834 4099 904 4168 sera
924 4095 1145 4184 poenitentia,

668 4221 710 4292 db
