3036 4862
549 207 552 214 ’
646 231 663 270 a

530 261 649 334 tata
667 261 834 347 orata.
1158 266 1233 338 aet

25 467 33 476 ·
131 441 257 534 telllgl.
289 443 343 510 vel
372 441 530 532 cogitari,
563 447 617 514 vel
637 445 981 535 praedicaripollent.
1023 447 1073 512 Μ.
1094 445 1131 514 Si
1151 467 1231 536 ergo

129 531 458 628 numentanamrae
477 543 558 630 ante
580 545 756 630 peccatum
777 529 888 629 iuerat
908 543 943 594 et
966 525 1087 628 suimet
1106 532 1233 630 perseo·

130 615 668 782 attentassent:
689 613 1232 762 adsallissetis&

130 797 228 851 rum,
249 790 289 841 ut
308 775 386 842 sunt
406 779 559 844 coeleller
581 778 752 854 essentiae,
775 795 810 844 et
830 777 1026 844 inferiorum
1046 778 1098 853 se,
1126 793 1165 844 ut
1185 777 1230 846 eli
1328 843 1337 858 ,

131 860 278 940 mundun
305 857 363 922 isle
383 881 461 926 cum
482 859 671 930 rationibua
691 861 758 926 soie
778 857 966 926 intellectui
987 859 1230 928 succumbenti·

131 943 214 1015 bur,
234 939 383 1006 habuisse
403 959 438 1008 et
457 947 567 1010 adhuc
587 947 654 1012 sola
674 943 903 1030 possibilitate.
924 959 960 1008 et
972 942 1079 1029 reipsa
1093 941 1130 1006 in
1144 941 1230 1010 sum·

129 1021 194 1090 tuit
214 1022 434 1090 hominibua‘l
458 1030 499 1091 D.
524 1027 907 1113 Clareaintelligentibua
927 1047 999 1092 non
1020 1024 1229 1103 eritmirnm,

129 1105 187 1170 sed
214 1123 332 1172 vetum
367 1123 403 1172 et
429 1109 615 1176 verisimile.
657 1113 706 1174 M.
736 1113 860 1196 Magna
887 1111 958 1174 laur
976 1107 1067 1174 enim
1089 1128 1128 1173 ac
1150 1130 1230 1174 vera

128 1190 297 1254 hnmanae
324 1204 484 1268 naturae,
516 1191 585 1260 imo
610 1191 712 1258 etiam
741 1193 833 1258 illiue
883 1191 920 1256 ni
950 1191 995 1256 fic
1025 1211 1098 1256 eam
1115 1211 1230 1258 creare

128 1269 251 1370 noluit.
294 1269 507 1370 Quapropter
536 1279 578 1342 de
600 1274 775 1342 intellectu
793 1213 930 1362 quodue
950 1270 1040 1338 illiue
1061 1288 1097 1340 et
1116 1271 1230 1361 cogni·

129 1367 227 1422 none
255 1355 404 1422 siturlrter
433 1357 687 1444 accipiendum,
720 1374 761 1422 ut
789 1357 880 1424 euim
907 1357 940 1420 sa
964 1355 1068 1420 ientia
1088 1355 1230 1422 creatrix

130 1437 223 1523 quod
243 1437 288 1502 esi
306 1441 445 1506 verbum
467 1440 550 1517 Dei,
572 1441 685 1515 omnia
706 1463 792 1527 quae
811 1439 849 1509 in
873 1460 912 1505 ea
932 1380 1020 1506 iicet
1034 1439 1111 1502 sunt
1123 1437 1230 1524 priuc-

153 1539 231 1582 uam
258 1519 379 1584 fierent
406 1522 513 1600 vidit,
546 1520 682 1610 ipsique
709 1523 790 1589 vifio
812 1543 929 1588 eorum
950 1538 1016 1620 qna
1035 1520 1231 1608 priusquam

193 1615 251 1664 eut
281 1601 355 1666 visa
372 1603 470 1680 sunt,
500 1627 578 1672 vera
600 1623 634 1672 et
654 1603 999 1678 incommunicabilre,
1029 1619 1230 1692 aeternaque

130 1681 266 1749 essentia
285 1684 346 1750 ella
379 1685 426 1750 ita
450 1705 557 1754 creata
578 1688 740 1777 sapientia
761 1711 845 1787 quae
867 1687 911 1754 est
931 1690 1077 1750 humana
1098 1702 1228 1761 natura,

128 1765 1231 1940 fallatiissllzslsll'llsll.llll.‘salli

35 2003 39 2022 Ι
127 1929 310 2016 sapientiae
331 1934 499 2002 creatricia
519 1937 626 2023 prima
646 1937 851 2024 causalisque
871 1935 976 2002 totino
998 1949 1167 2000 creaturae
1184 1933 1231 2000 es·

127 2014 235 2080 sentia
253 2031 345 2081 recte
364 2015 566 2104 intelligitur
586 2021 667 2094 else,
689 2019 841 2105 cognitio
865 2038 945 2084 vero
960 2017 1134 2082 mentaesa
1160 2015 1231 2081 ien-

128 2095 196 2194 tiae
222 2095 367 2164 secunda
399 2099 534 2166 essentia
557 2118 592 2166 et
611 2101 790 2198 superioria
810 2099 953 2166 notitiae
972 2097 1112 2164 effectur
1134 2041 1231 2162 iubo-

127 2179 198 2244 lat:
220 2193 256 2244 et
275 2183 368 2267 quod
388 2179 534 2249 dhrimur
555 2187 598 2249 de
616 2203 725 2272 prima
746 2197 781 2248 et
801 2181 922 2248 musali
944 2179 1079 2246 essentia
1093 2182 1129 2244 in
1143 2201 1231 2246 crea·

129 2259 221 2331 tricia
242 2260 424 2350 sapientiae
443 2265 586 2336 notione
607 2264 803 2340 constituta,
836 2269 944 2352 deque
964 2263 1108 2328 secunda
1129 2277 1165 2328 et
1184 2261 1231 2330 es·

128 2343 253 2418 factiva
279 2367 365 2432 quae
392 2345 430 2410 in
458 2347 568 2414 anima
594 2352 741 2414 humana
768 2347 932 2413 subsistere
952 2366 1023 2412 non
1043 2346 1232 2432 incongrue

129 2425 292 2505 aderitum
315 2431 357 2496 de
377 2429 535 2496 omnibua
555 2432 704 2497 fimiliter
724 2453 809 2520 quae
830 2430 917 2496 circa
938 2428 1109 2494 essentiam
1123 2427 1231 2494 totino

128 2525 298 2576 creatorae
325 2512 589 2599 dignoscuntur.
622 2515 859 2582 incunctanter
885 2511 1145 2610 intelligendum
1174 2511 1228 2576 eli.

129 2594 240 2658 Omne
259 2595 420 2680 liquidem
441 2600 667 2684 quodcunque
687 2597 885 2664 inhumana
901 2595 1126 2693 intelligentia
1142 2594 1231 2660 circa

127 2671 320 2742 substantiae
348 2699 459 2744 rerum
488 2680 718 2754 constituitur,⁸
753 2703 794 2746 ex
821 2677 891 2766 ip‘sa
919 2676 1042 2742 notitia
1062 2677 1230 2744 creatricia

127 2756 311 2843 sapientiae
340 2777 547 2844 procreatam
574 2762 770 2847 sapientiam
802 2763 984 2848 procedere
1014 2774 1105 2824 recta
1132 2773 1231 2824 natu·

128 2859 186 2904 rae
219 2840 437 2908 confidentia
470 2845 622 2907 declarat.
666 2845 925 2910 Constituantur
945 2857 1057 2908 autem
1077 2841 1165 2908 circa
1186 2843 1232 2904 el·
1359 2845 1364 2866 ¹

129 2919 251 2986 sentiar
271 2922 406 3008 quidem
427 2924 554 3012 speciae
577 2925 759 3002 sensibiles,
793 2921 1014 3012 quantitates,
1065 2923 1230 2997 ualitatea,

130 3004 227 3078 loca,
251 3020 418 3091 tempora,
447 3022 481 3072 et
500 3007 616 3072 similia
638 3009 705 3074 fine
727 3008 848 3093 quibua
870 3007 1004 3071 essentia
1026 2947 1088 3070 eise
1108 3004 1231 3075 intelli-

82 3136 91 3164 .
155 3085 163 3101 ’
186 3106 257 3151 non
278 3088 393 3173 potest.
419 3091 660 3175 'Quamobrem
683 3105 793 3156 totum
814 3091 906 3176 quod
918 3090 1073 3152 volumno
1094 3087 1231 3152 suadere

128 3109 292 3244 iieviter,
328 3191 366 3235 ac
385 3172 429 3236 stc
449 3175 617 3259 possumus
638 3175 854 3238 concluderet
873 3173 1159 3318 ¹quemadmodum
1180 3171 1231 3234 in·

129 3255 283 3318 tellectua
313 3253 465 3320 omnium
486 3277 571 3342 qnae
590 3253 689 3320 Pater
709 3255 792 3320 fecit
814 3254 849 3318 in
886 3275 930 3316 uo
952 3255 1056 3318 verbo
1077 3251 1231 3338 unigeni·

128 3351 183 3412 to,
217 3336 352 3404 essentia
387 3359 504 3404 eorum
525 3339 570 3402 ell
589 3355 623 3402 et
642 3355 843 3404 cunctorum
865 3357 950 3422 quae
971 3333 1059 3400 circa
1080 3357 1152 3398 eam
1174 3357 1231 3402 na·

131 3419 281 3486 turaliter
308 3417 561 3506 intelliguntur3
593 3421 642 3484 ita
670 3419 822 3507 cognitio
849 3417 1000 3484 omnium
1023 3439 1109 3504 quae
1127 3417 1231 3502 patria

129 3506 269 3568 uerbum
306 3503 344 3566 in
374 3506 521 3570 humana
550 3503 662 3568 anima
692 3503 838 3577 creavit,
877 3499 1010 3566 essentia
1040 3501 1084 3564 ell
1114 3521 1232 3566 eorum

131 3585 349 3672 omniumque
370 3605 456 3672 quae
477 3586 565 3652 circa
586 3609 658 3652 eam
679 3585 876 3650 naturaliter
896 3583 1160 3669 dignoscuntur:
1196 3599 1232 3648 et

131 3668 413 3753 quemadmodum
442 3669 580 3736 divinoe
609 3669 801 3734 intellectae
829 3666 1000 3754 praecedit
1031 3665 1162 3742 omnia,
1197 3681 1232 3730 et

131 3749 246 3816 omnia
266 3749 327 3835 est3
347 3751 395 3817 ita
416 3752 568 3852 cognitio
581 3749 818 3834 intellectualia
832 3749 963 3814 animae
977 3748 1148 3836 praecedit
1161 3771 1232 3816 om·

130 3830 190 3898 nia
211 3853 295 3928 qnae
314 3833 567 3922 cognoecrt,';et
587 3836 701 3900 omnia
721 3855 806 3921 quae
825 3829 1082 3919 praecoguoacit
1101 3833 1163 3896 ell:
1190 3845 1232 3894 ut

132 3915 170 3982 in
199 3913 315 3978 darino
341 3915 517 3988 intellectu
546 3915 877 3990 omniacausaliter,
909 3913 945 3980 in
975 3917 1121 3980 humana
1149 3931 1231 3978 vero

131 3995 329 4084 cognitione
358 4001 577 4068 effectualiter
596 4001 781 4066 snbfislanta
809 4019 880 4064 non
902 4000 994 4085 quod
1015 3997 1079 4062 alia
1099 3999 1138 4062 fit
1159 4014 1229 4060 om·

6 4145 8 4158 .
131 4081 229 4149 nium
258 4079 409 4160 elseuda,
438 4099 478 4150 nt
508 4086 607 4172 saepe
627 4082 791 4156 diximus,
818 4079 856 4146 in
877 4083 1000 4158 verbo,
1030 4079 1094 4144 ulia
1115 4079 1153 4142 in
1172 4081 1232 4144 ho·

132 4163 245 4241 minet
266 4159 324 4230 sed
340 4169 434 4252 quod
452 4189 554 4241 unam
576 4169 784 4262 nudantque
804 4163 899 4230 aliter
915 4163 953 4228 in
969 4163 1071 4230 canfia
1087 4157 1231 4226 externis
