2952 4824
170 1351 173 1358 ,
294 1302 365 1350 tate
399 1289 601 1351 roboratam.

261 223 349 344 ⁸ro
522 365 524 370 ι
623 265 679 338 oe
698 263 880 362 omem
899 262 1072 338 nmen.
1229 287 1309 354 1,

296 455 479 522 dicendum
499 452 555 520 vel
576 449 816 542 cogitandum,
838 448 901 517 nili
921 471 1010 536 quae
1031 447 1069 513 in
1092 447 1215 513 Sancta
1238 445 1417 534 Scriptura

294 537 527 626 reperiuntur,
548 557 661 624 neque
682 535 755 602 aliie
777 535 840 599 nifi
860 533 962 621 ipsius
983 535 1007 598 fi
1055 531 1286 596 isicationibue
1304 547 1414 594 uane-

294 620 546 707 lationibuaque
568 622 736 686 utendum
757 619 802 683 est
821 616 900 695 hie,
921 615 982 704 qui
1004 555 1053 682 ib
1065 619 1139 680 Deo
1157 616 1224 680 lire
1244 614 1327 713 quid
1345 635 1416 678 cre·

296 709 395 780 dant,
436 705 504 770 five
534 702 719 801 disputent.
780 700 866 788 Quia
899 699 991 764 enim
1024 703 1065 766 da
1094 713 1214 764 natura
1245 695 1416 763 ineffabili

296 786 471 877 quippiam
507 809 526 851 a
557 787 603 850 lei
629 787 664 850 l'o
697 811 714 850 r
760 801 869 850 ertum
896 784 1010 848 dicere
1036 783 1244 882 praesumat,
1281 795 1418 868 praeter

296 875 389 960 quod
417 871 474 934 illa
508 868 580 958 ipl'a
602 810 644 934 de
664 867 769 956 leipa
789 870 826 933 in
848 867 915 931 luia
938 871 1068 932 Sanctio
1091 865 1254 953 organis,
1283 866 1415 927 theolo-

295 954 379 1042 gicis
401 953 498 1029 dico,
519 954 693 1018 modulata
715 952 783 1017 ent
806 953 873 1015 Sed
893 966 933 1014 ut
954 953 1020 1014 hoc
1043 949 1172 1013 firmius
1195 963 1229 1012 et
1246 951 1362 1012 credas
1379 961 1414 1010 et

295 1055 433 1113 teneas,
462 1036 579 1100 Sancti
601 1035 757 1118 Dionysii
786 1033 962 1120 Theologi¹
976 1031 1205 1097 testimonium
1225 1030 1308 1094 huic
1329 1030 1416 1094 inle-

294 1123 456 1194 rendum,
488 1109 599 1184 sitibi
619 1119 773 1194 videtur,
805 1117 958 1184 arbitror.
1000 1121 1045 1181 D.
1068 1115 1208 1180 Videtur
1228 1115 1416 1200 plane„et

294 1203 345 1268 nil
374 1203 537 1267 libentius
563 1202 634 1268 acci
660 1201 716 1278 io,
754 1223 854 1288 quarn
876 1199 1043 1265 rationem
1066 1197 1248 1264 finniffima
1270 1196 1416 1260 auctori·

637 1227 697 1350 llis
726 1285 886 1374 Capitulo
910 1282 1022 1370 primo
1046 1286 1088 1348 de
1108 1279 1247 1346 Divinis
1268 1277 1416 1344 nomini·

294 1373 359 1434 bus
382 1367 619 1435 auctoritatem
641 1371 674 1434 S.
690 1368 882 1456 Scripturae
897 1367 1090 1453 praedictus
1109 1367 1306 1450 Theologus
1323 1383 1416 1448 mag·

293 1451 349 1518 riis
369 1452 527 1522 laudibus
548 1455 776 1518 commendat.
819 1455 864 1516 Et
884 1449 963 1537 quia
985 1471 1081 1515 more
1103 1450 1161 1514 luo
1208 1449 1341 1532 erplexe
1355 1449 1416 1526 hy·

294 1535 534 1623 perbaticeqtie
565 1537 733 1624 disputat3
764 1533 911 1631 ideoque
942 1536 1040 1620 ualde
1069 1472 1231 1596 cornubia
1254 1528 1417 1594 difficilis·

295 1640 363 1706 que
391 1621 435 1683 ad
461 1619 725 1718 intelligendum
758 1619 875 1683 multis
905 1615 1059 1692 videtum
1091 1614 1222 1702 placuit
1253 1611 1340 1676 milii
1372 1613 1416 1676 do

293 1705 359 1766 bac
381 1723 418 1765 re
439 1701 641 1766 sententiam
662 1701 765 1788 ipsius
788 1699 934 1766 faciliori
955 1697 1278 1764 verborumaordine
1299 1697 1343 1760 ad
1365 1694 1417 1757 in·

244 1798 248 1807 ¹
295 1784 521 1872 telligendum
551 1807 653 1871 quam
681 1785 741 1847 luo
769 1783 847 1848 loco
869 1781 991 1868 [cripta
1014 1783 1058 1846 en
1080 1785 1287 1867 depromere.
1334 1780 1416 1844 Uni-

292 1863 485 1954 vedalitem
507 1867 643 1954 inquit,
665 1889 732 1930 non
752 1867 937 1930 audendum
956 1868 1086 1936 diane,
1109 1888 1149 1928 ne
1194 1887 1211 1924 e
1229 1859 1415 1943 inlelligere

293 1951 377 2036 quid
408 1953 451 2014 rie
476 1945 738 2044 supereffentiali
764 1951 948 2013 diuinitate
981 1959 1118 2030 praeter
1138 1887 1300 2009 abbam
1319 1946 1416 2016 nobis

285 2058 339 2099 aa·
386 2037 474 2098 acris
501 2036 654 2120 eloquiis
668 2055 770 2114 capre
799 2055 831 2097 a.
862 2027 985 2121 ‘Ipstus
1015 2030 1099 2094 enim
1113 2024 1227 2122 ssuper
1252 2032 1416 2093 rationem

294 2133 330 2182 et
356 2119 556 2182 attellectum
592 2131 627 2182 et
648 2113 816 2208 ‹stantiam
829 2107 1185 2207 supereffentialitatis
1203 2105 1347 2203 [ciemia
1367 2133 1415 2174 re-

285 2193 437 2292 ferenda
466 2199 516 2292 fi
545 2204 591 2264 acl
603 2197 799 2288 superiores
821 2201 1012 2270 claritates,
1043 2201 1133 2260 cirea
1154 2197 1357 2260 divinatam
1385 2221 1415 2258 e·

215 2359 216 2364 η
294 2290 407 2348 tantia
432 2297 466 2348 et
476 2281 702 2371 fimplioitate
722 2295 931 2360 cometatas,
963 2283 1147 2344 intantum
1158 2273 1290 2374 sursum
1311 2219 1414 2373 'refpi-

294 2371 433 2440 cierttes,
457 2379 614 2463 quantum
626 2361 669 2458 se
691 2358 798 2455 irffert
819 2366 1006 2428 divinorum
1029 2365 1224 2461 eloquiorum
1246 2365 1370 2428 radius.

233 2481 235 2486 ·
355 2449 408 2527 67.
432 2451 579 2513 Videsne
602 2449 887 2534 quemadmodum
908 2445 1142 2511 universaliter
1161 2446 1344 2532 probibet,
1368 2468 1415 2508 ne

294 2531 370 2618 qnia
403 2533 446 2595 de
476 2532 609 2595 occulta
640 2529 839 2604 divinitate,
873 2543 1006 2615 praeter
1027 2528 1170 2616 quaein
1193 2525 1324 2593 Sanctis
1347 2531 1413 2594 elo·

294 2613 383 2702 quiis
408 2611 504 2678 dicta
530 2613 616 2688 sint,
649 2611 761 2676 dicore
787 2613 936 2676 audeat?
973 2614 1069 2698 Quae
1097 2611 1258 2677 videlicet
1278 2612 1414 2700 eloquia

294 2693 523 2784 gloriosill'imo
545 2693 781 2781 veriffimoque
803 2693 944 2758 nomine
975 2697 1121 2793 appellat
1141 2694 1327 2782 superiores
1350 2697 1415 2759 cla·

293 2779 428 2856 ritates,
461 2778 498 2842 in
520 2777 732 2864 simplicitate
754 2791 789 2841 et
810 2793 1033 2864 temperantia
1055 2779 1143 2843 circa
1165 2777 1281 2843 divina
1303 2800 1416 2843 coarc-

196 2904 202 2922 .
293 2877 389 2926 tatae.
433 2863 528 2926 Idem
557 2859 595 2925 in
626 2863 746 2925 eodem
766 2862 869 2948 paulo
890 2862 977 2947 poll:
1012 2865 1211 2926 sicutenim
1233 2867 1414 2943 incompre-

291 2941 464 3033 hensibilia
494 2958 528 3008 et
556 2945 859 3026 incontemplabilia
885 2940 970 3037 sunt
1015 2941 1200 3091 effibilibus
1221 2943 1412 3034 inurfibilia.

269 3077 270 3080 η
295 3042 330 3091 et
351 3034 386 3092 in
404 3031 457 3092 liis
477 3050 562 3115 quae
572 3022 660 3122 sunt
680 3031 715 3091 in
727 3027 894 3122 figmento
915 3041 948 3090 et
984 3034 1041 3092 imi
1055 3025 1345 3117 itudinefimpla,
1379 3045 1413 3093 at

181 3193 184 3198 1
283 3110 510 3206 fimiliturline
543 3115 709 3186 carentia,
742 3125 776 3174 et
793 3105 978 3204 secundum
999 3135 1173 3194 corporum
1188 3115 1324 3209 figuras
1334 3106 1413 3199 for·

294 3201 397 3260 initas
423 3197 679 3278 incorporalium
707 3198 856 3270 intacta,
890 3208 924 3257 et
945 3219 1009 3261 non
1022 3196 1180 3288 figurata
1202 3203 1235 3260 in
1255 3199 1414 3274 minitas,-

291 3282 393 3367 juxta
425 3281 562 3342 eandem
592 3281 753 3342 veritatis
780 3282 940 3342 rationem
961 3279 1108 3374 anerat
1128 3276 1282 3374 efferatior
1292 3275 1413 3374 super·

293 3359 474 3456 effentialis
493 3363 707 3444 magnitudo,
730 3375 764 3424 et
784 3365 910 3428 animos
947 3385 1028 3446 uper
1048 3367 1189 3428 animum
1202 3367 1325 3430 unitas.
1363 3367 1415 3430 Et

293 3447 442 3511 omuibus
460 3446 640 3510 uirtutibus
660 3441 893 3538 impoffibilee
932 3491 942 3520 ,
978 3449 1067 3532 quod
1076 3441 1184 3538 super
1195 3444 1328 3542 senJum
1351 3449 1412 3536 est,

292 3551 509 3614 arcanumque
535 3533 663 3594 rationi
696 3524 785 3594 om'ni
803 3523 1099 3617 superrationabile
1121 3533 1257 3608 bonum,
1288 3537 1413 3626 unifica

291 3617 405 3680 unitas
425 3617 530 3679 omnis
549 3615 706 3686 unitatis,
728 3627 762 3676 et
772 3607 1060 3706 supereffentialis
1079 3611 1239 3708 effentia,
1263 3629 1297 3678 et
1314 3619 1412 3680 intel·

292 3699 398 3762 lectus
419 3694 610 3788 invifibilis,
633 3711 666 3761 et
686 3697 818 3760 verbum
840 3719 1012 3770 arcamtm,
1045 3699 1347 3774 irrationabilitas,
1377 3715 1414 3764 et

293 3779 527 3873 invisibilitas,
545 3795 595 3856 ,et
623 3780 923 3860 innominabilitas,
945 3775 1131 3869 secrsnsln'm
1161 3785 1281 3847 nullum
1302 3806 1413 3848 eorum

290 3888 374 3952 quae
393 3860 479 3958 sunt
506 3864 660 3954 existens.
701 3869 751 3930 Et
780 3857 911 3956 causale
940 3867 1069 3952 quidem
1097 3863 1220 3962 offendi
1252 3869 1412 3942 omnibus,

291 3944 405 4040 ipsum·
428 3963 537 4014 autem
569 3971 633 4014 non
657 3943 743 4023 Ὃν,
799 3953 901 4032 uippe
922 3953 1065 4014 omnise
1096 3955 1204 4016 entiae
1217 3945 1409 4044 summitas,

293 4047 328 4096 et
356 4047 517 4119 necarique
539 4031 615 4130 ipsa
638 3971 812 4129 descipia
856 4037 965 4116 roprie
987 4048 1020 4098 et
1057 4041 1180 4101 cienter
1199 4029 1410 4127 manifestat.

293 4119 354 4183 De
379 4119 443 4182 bac
465 4121 572 4202 igitur
592 4130 630 4182 ut
642 4119 776 4182 ‘dictum
799 4057 1130 4212 eslsupereffentiali
1150 4133 1185 4184 et
1204 4125 1338 4184 occulta
1357 4121 1411 4184 tii·

291 4205 438 4268 trinitate
456 4223 521 4270 nou
542 4202 728 4272 audendum
748 4203 876 4279 dicere,
896 4223 999 4288 neque
1014 4206 1199 4292 intelligere
1213 4205 1298 4292 quid
1312 4225 1413 4287 prae-
