3036 4862
174 1601 179 1614 ,
290 1555 385 1624 Ισοι,
414 1535 473 1624 qui
511 1556 589 1602 cum
609 1537 674 1601 lint
693 1533 962 1602 ratiocinationis
982 1533 1096 1609 inicii,
1124 1557 1147 1621 p

263 247 269 262 ’
301 273 399 350 ιιι
623 275 679 346 oe
697 243 880 388 namon
900 271 1074 344 nataae.

305 455 475 546 angelicae
486 455 580 546 'quae
592 456 770 540 ,conditori
791 458 851 524 luo
870 445 1192 523 incommutabiliter
1209 455 1417 546 mbreiemt,

304 540 493 628 meritoque
519 540 596 605 luae
625 541 840 608 obedientiae
868 538 1090 609 teaurutinir
1111 537 1275 627 praescia,
1310 542 1351 606 ab
1374 563 1420 606 ea
1498 569 1499 572 ¹

249 649 252 660 *
304 639 399 712 parte
422 641 507 710 quae
526 622 563 689 in
583 623 725 689 veritate
742 645 816 690 uon
837 623 946 698 stetit,
969 624 1026 688 led
1045 623 1124 688 luae
1144 621 1318 712 superbiae
1332 645 1424 711 poe·
1498 627 1499 630 ’

304 729 349 772 na
369 706 406 772 in
428 706 581 771 tenebrat
602 707 813 794 ignorantiae
834 703 884 771 sni
906 705 1016 793 lepino
1036 703 1162 780 futuri,
1184 719 1285 804 atque
1312 721 1423 772 aeter·

305 789 380 857 nat?
398 788 552 856 miseriae
578 789 721 865 cecidit,
754 788 977 878 fignificatnut
1007 788 1061 855 est.
1104 787 1267 875 Quiaqura
1300 804 1420 856 autem

305 871 457 960 pleniua,
486 871 775 960 hunc-duplicem
806 873 1017 938 intellectum
1044 869 1238 936 diviniffuui
1268 871 1419 960 magistri

305 957 397 1040 nolle
418 953 516 1030 velit,
538 954 639 1040 ipliua
660 957 760 1020 verbu
780 954 816 1018 in
838 956 1025 1020 Hexamero
1046 955 1125 1029 luo,
1148 967 1184 1018 et
1203 953 1239 1018 in
1262 955 1419 1041 praelato

251 1069 254 1080 ·
306 1039 349 1104 de
370 1038 517 1102 Ciuitate
537 1037 602 1102 Dei
625 1037 802 1103 volumine·
818 1037 980 1102 studiolua
1000 1038 1107 1125 legatt
1145 1055 1231 1125 quae
1251 1039 1418 1122 quoniam

303 1123 419 1218 plurr,
442 1135 477 1185 et
497 1120 654 1186 omnibnt
675 1119 713 1188 in
733 1123 912 1209 propatulo
934 1121 1028 1194 lunt,
1050 1118 1132 1184 huic
1151 1117 1279 1184 nollrae
1300 1120 1419 1206 diopu-

307 1203 514 1268 tatiunculae
541 1203 746 1290 superfluum
770 1204 856 1269 mihi
875 1203 984 1268 viluna
1005 1201 1049 1267 eli
1069 1202 1224 1268 inserere.
1267 1205 1310 1267 D.
1333 1205 1419 1268 Pro·

278 1353 281 1364 ,
305 1285 403 1352 videt
424 1307 494 1351 non
517 1285 607 1352 enim
632 1287 823 1353 sanctorum
842 1289 980 1352 Petrum
1001 1284 1196 1360 sententiae,
1241 1281 1416 1354 raeiertim

305 1370 332 1448 ti
358 1368 512 1456 plurimis
533 1385 634 1436 notae
655 1371 752 1444 lunt,
781 1369 1049 1436 introducendae
1069 1367 1146 1432 lunt
1165 1367 1202 1450 ni
1248 1367 1307 1433 nbi
1329 1369 1419 1434 iurn-

307 1472 363 1518 ma
382 1449 554 1518 necelfitaa
573 1456 781 1518 roborandae
801 1449 1071 1518 ratiocinationia
1091 1450 1255 1598 exegeritt
1276 1467 1421 1600 propttetri

1162 1555 1202 1599 ua
1224 1555 1286 1600 auc
1302 1555 1389 1600 orta

308 1639 408 1706 quant
421 1615 552 1683 rationi
575 1617 808 1683 succumbunt.

203 1773 207 1784 .
373 1721 422 1766 ro.
452 1702 519 1765 Sed
557 1701 659 1765 velim
680 1723 741 1788 per
763 1716 796 1764 te
816 1700 907 1765 nolle
921 1697 1143 1786 quamobrem
1166 1697 1315 1786 angelica
1336 1719 1421 1765 con·

306 1781 451 1858 stitutio,
473 1782 582 1848 veluti
602 1781 640 1847 in
661 1781 769 1870 prima
791 1781 1013 1848 intellectuali
1034 1781 1106 1857 die,
1128 1785 1195 1847 hoc
1213 1782 1276 1857 eit,
1296 1780 1333 1846 in
1348 1782 1418 1869 pri·

305 1885 361 1930 nra
380 1865 599 1952 propheticae
619 1863 914 1952 contemplationis
931 1863 1144 1936 ordinatione
1158 1879 1320 1940 narratur,
1341 1867 1419 1952 poll

307 1951 448 2014 modurn
470 1969 550 2013 vero
571 1946 764 2035 interpolata
784 1945 994 2038 quaternnria
1011 1947 1170 2012 lenfibilic
1187 1945 1307 2020 muudi
1321 1951 1419 2013 theo·

305 2029 356 2094 ria
387 2034 535 2096 bumana
565 2031 654 2096 lexta
682 2030 975 2118 contemplatione
989 2027 1218 2095 introducitur
1237 2029 1417 2096 formatio:
1485 2076 1490 2087 .

305 2114 361 2178 rai
391 2129 431 2178 ut
450 2113 560 2201 aptiua
582 2113 709 2189 dicam,
742 2135 844 2201 quare
865 2113 994 2180 nonin
1015 2111 1125 2199 primo
1145 2111 1289 2178 introitu
1307 2112 1417 2180 totiua

307 2211 477 2262 creaturae
500 2211 634 2262 contem
659 2195 796 2262 lationia
817 2200 921 2262 homo
941 2195 1185 2271 introducitur,
1220 2196 1276 2260 led
1297 2198 1418 2262 cadem

307 2278 594 2366 contemplatione
641 2279 730 2344 exies
759 2279 903 2366 repetita
922 2277 959 2342 in
981 2278 1049 2342 line
1070 2277 1222 2342 omnium
1242 2276 1418 2344 introduc·

306 2373 361 2425 tur
381 2361 443 2446 οὓς
463 2360 599 2424 ridetur
618 2361 711 2426 enim
730 2381 800 2426 non
823 2362 930 2426 lulum
951 2381 992 2424 an
1018 2359 1101 2424 elica
1117 2359 1269 2436 elleutia,
1290 2381 1414 2428 nerum

230 2519 233 2530 Ι
308 2439 409 2506 etiam
443 2441 645 2508 sensibilium
680 2465 792 2508 rerum
821 2445 964 2530 quadam
992 2383 1177 2528 dignitate,
1206 2457 1246 2508 ut
1269 2447 1416 2509 nondi-

307 2545 381 2590 cam
415 2523 680 2612 temporalitate,
709 2529 856 2590 humana
884 2527 1082 2611 praecedere
1111 2525 1308 2592 substitutio.
1362 2532 1416 2596 Μ.

307 2607 473 2692 Quinimo
506 2605 544 2671 in
565 2609 631 2673 hoc
650 2605 794 2673 maxime
815 2612 982 2672 humanae
1003 2607 1158 2672 elientiae
1179 2608 1276 2706 super
1298 2610 1413 2676 omnia

305 2711 392 2836 puae
412 2691 490 2754 lunt
508 2688 764 2755 manifestiffime
786 2689 932 2779 dignitas
953 2690 1111 2777 aperitur.
1141 2690 1314 2778 Siquidem
1332 2695 1412 2758 luce

304 2772 426 2839 carina
455 2775 552 2838 datur
585 2771 732 2858 intelligi
766 2772 803 2839 in
826 2773 983 2839 omnibua
1025 2795 1089 2838 uae
1109 2787 1187 2838 ante
1206 2774 1415 2840 constitutio·

304 2875 385 2922 nent
413 2854 562 2921 hominia
583 2871 777 2935 narrantur,
807 2856 919 2943 ipsunt
939 2856 989 2920 fui
1017 2872 1223 2932 ocreatum,
1252 2859 1321 2922 imo
1342 2880 1415 2924 om·

303 2937 362 3006 nia
388 2928 425 3002 in
455 2937 528 3026 ipio
557 2939 744 3004 constituta.
785 2941 864 3016 Non
898 2939 991 3005 enirn
1025 2939 1088 3004 alia
1120 2939 1252 3004 ratione
1272 2940 1309 3004 in
1329 2941 1415 3006 lacis

303 3023 470 3086 vocabulo
508 3043 550 3086 an
576 3023 704 3086 elorum
737 3022 929 3092 constitutio
948 3039 1072 3109 ¹operte
1099 3043 1169 3088 non
1203 3023 1411 3100 describitur,

304 3104 431 3191 quippe
453 3123 525 3169 non
547 3043 677 3171 dicrum
692 3105 741 3168 est
761 3105 819 3169 fiat
834 3105 988 3190 angelua,
1009 3117 1049 3168 ut
1062 3105 1222 3169 faciamua
1242 3109 1410 3193 angelum,

304 3189 588 3273 quemadmodum
618 3187 762 3274 expreffe
784 3189 827 3250 est
849 3187 1027 3274 scriptum,
1048 3185 1224 3276 'factarum
1242 3191 1412 3263 demittent,

304 3270 366 3368 nist
399 3285 439 3333 ut
466 3269 674 3367 intelligatur
695 3269 731 3333 in
754 3267 1056 3370 conditione'lucia
1077 3269 1283 3369 nonminne
1302 3273 1412 3338 bonti-

302 3353 635 3522 ttttlttfftttit
654 3353 1413 3528 ‘staltlttbttffltttrblt,letti

302 3520 406 3581 homo
436 3515 602 3603 particeps
631 3517 692 3594 elt;
727 3521 816 3604 quast
845 3540 958 3583 rerum
983 3519 1143 3583 naturalia
1163 3532 1255 3605 recte
1275 3519 1411 3587 intuen-

302 3597 390 3663 tium
419 3619 490 3662 non
523 3600 765 3686 consequenter
794 3600 951 3687 inspiciat
977 3602 1090 3665 omnia
1125 3623 1210 3688 quae
1230 3605 1302 3688 post
1321 3605 1412 3670 lucia

301 3679 574 3747 constitutionem
594 3699 787 3755 narrantur,
809 3685 846 3748 in
862 3683 1001 3748 bomine
1016 3699 1125 3749 creata
1140 3685 1286 3752 ellenon
1301 3686 1411 3753 totum

301 3763 486 3829 secundum
512 3785 630 3830 eorum
659 3766 908 3852 cognitionem,
946 3788 1065 3832 verum
1092 3765 1192 3832 etiam
1223 3769 1410 3837 secundum

300 3847 1411 4016 ttttltzttti‘t‘t,itttttttt‘ltrtl‘ttlt‘03¹¹2}

299 4012 460 4160 praeesset
480 4015 520 4078 ut
539 4035 597 4078 rex
619 3954 744 4100 tregue,
777 4031 817 4078 ut
837 4013 996 4079 ¹dominun
1018 4014 1153 4090 domui,
1176 3981 1281 4104 utqn'e
1303 4031 1350 4084 eo*
1365 4022 1410 4084 ad

298 4099 433 4161 <audem
462 4096 620 4161 creatoris
645 4113 813 4178 uteretur3
845 4096 948 4162 nullia
982 4099 1052 4176 elna
1072 4121 1094 4184 p
1115 4097 1224 4164 rtibut
1243 4101 1407 4178 subditur,

292 4179 356 4246 -l'ed
375 4179 473 4267 supra
494 4199 590 4256 eum,
610 4178 652 4245 in
674 4181 769 4245 nullo
791 4184 862 4261 ejur
884 4177 1061 4268 indigene,
1084 4119 1153 4249 tito
1173 4181 1338 4270 regimina
1356 4186 1408 4251 [ιι-
