2890 4820
160 245 172 256 '
292 243 363 320 10,
622 242 679 313 ile
698 235 1074 316 minoritam.

1148 353 1154 384 l

292 445 449 515 conquat
468 423 673 506 videbimur,
683 420 790 524 ipsum
802 429 914 496 Deum
931 415 1249 514 eintempioiimrr
1264 450 1333 520 per
1345 451 1426 498 eon

316 531 375 576 ora
397 532 477 599 ergo
498 509 537 576 in
556 511 773 602 eorporibuaj
795 535 866 580 non
888 535 951 603 per
971 514 1081 603 ipsum
1094 512 1277 580 ridebitur.
1300 515 1422 582 'Simi

291 531 371 661 iiter
391 617 453 684 per
473 594 686 661 intellectum
708 595 745 666 in
765 597 1015 677 intellectibus,
1037 619 1100 686 per
1117 595 1286 666 rationem
1306 598 1354 663 in
1372 621 1425 665 ra·

290 678 463 780 tionibus,
485 699 557 778 ηομ
578 701 639 766 per
658 679 799 778 seipsam
820 681 1095 764 diuinaeffentir'
1110 682 1293 771 apparebit.
1320 687 1424 765 Tan·

293 780 328 829 te
360 786 453 830 emm
474 765 610 828 divinae
631 765 770 830 vrrrutie
791 759 1049 832 excellentialin
1070 769 1184 832 futura
1204 767 1278 832 vita
1299 767 1424 832 omni·

288 849 355 912 hue
376 846 437 935 qui
457 848 746 946 contemplatione
768 848 869 938 ipfiua
891 850 987 938 digni
1009 849 1117 916 futuri
1139 852 1233 929 lunt,
1265 851 1422 928 manife-

290 929 407 1032 iiubit,
439 945 479 994 ut
502 929 589 1029 nihil
611 931 705 1030 aliud
725 949 857 1021 praeter
879 955 953 1034 eam
973 935 1040 1000 five
1061 934 1098 1000 in
1121 935 1323 1022 corporibus
1348 936 1422 999 srva

291 1037 329 1080 tn
360 1015 590 1080 intelleetrboa
621 1035 668 1080 ere
697 1019 838 1084 eluceat.
880 1022 956 1084 Errt
986 1019 1078 1084 enirn
1107 1021 1206 1084 Deus
1233 1022 1352 1086 omnia
1385 1021 1421 1082 in

46 1099 54 1108 '
163 1153 168 1162 .
291 1090 457 1165 amntem:
486 1101 535 1165 Ac
555 1099 579 1162 fi
600 1113 714 1246 οἰοῃο
735 1101 908 1190 Scriptura
931 1101 1075 1178 diceret,
1113 1104 1207 1169 Solus
1228 1105 1332 1170 Deus
1356 1125 1418 1186 ap·

290 1183 426 1267 parebit
458 1181 492 1247 iri
522 1187 680 1249 omniur.
723 1185 816 1250 Hinc
837 1185 885 1250 ait
909 1190 1052 1253 Sanetus
1076 1189 1152 1252 iob:
1184 1191 1235 1252 Et
1255 1191 1420 1251 ineante

289 1284 367 1332 ntea
381 1267 504 1333 oideio
525 1269 647 1332 Deum.
682 1271 731 1336 de
753 1269 778 1332 fi
799 1269 946 1348 dixillet3
970 1269 1007 1334 in
1028 1273 1093 1334 hae
1113 1292 1214 1337 earne
1228 1293 1305 1336 meu
1325 1291 1418 1358 quae

291 1351 409 1416 multia
437 1351 687 1419 tentationibus
715 1351 875 1442 affligitur
884 1387 900 1429 ,·
930 1367 1024 1418 tante
1052 1353 1159 1441 gloria
1195 1355 1311 1422 futura
1337 1354 1418 1430 erit.

288 1449 342 1500 ut
358 1437 644 1522 quemadmodum
672 1457 767 1502 nune
802 1435 890 1504 nihil
923 1437 960 1501 in
984 1459 1021 1502 ea
1045 1452 1199 1534 apparet,
1229 1437 1294 1503 nifi
1317 1459 1415 1503 mora

292 1533 327 1583 et
347 1518 544 1606 corruptio;
566 1519 614 1588 ita
635 1518 671 1584 in
694 1521 808 1586 futura
828 1520 899 1586 vita
920 1520 1015 1584 nihil·
1029 1521 1114 1584 mihi
1136 1522 1324 1619 apparebit,
1350 1521 1415 1586 nili

189 1629 191 1632 ·
290 1603 379 1668 solue
411 1607 503 1669 Deua
537 1601 597 1690 qni
625 1609 704 1669 vere
732 1603 804 1668 vita
835 1604 896 1678 etr,
926 1620 961 1668 et
981 1603 1216 1670 immortahtaa
1241 1621 1276 1670 et
1297 1605 1415 1670 incor-

289 1684 416 1784 ruptio.
443 1691 503 1760 rAt
523 1687 548 1751 fi
570 1689 612 1751 de
632 1685 684 1750 sui
705 1685 855 1784 emporia
877 1686 1041 1752 felicitate
1060 1689 1161 1752 talem
1173 1688 1318 1776 gloriam
1337 1709 1415 1776 pro·

290 1770 395 1845 mrfit,
426 1768 509 1868 quid
539 1773 580 1834 de
609 1769 658 1833 rui
690 1769 837 1858 Spiritus
867 1769 900 1836 di
950 1769 1033 1836 itate
1063 1771 1320 1836 existimandum
1359 1771 1413 1845 eil,

199 1865 202 1872 ⁴
288 1853 483 1940 praesertum
505 1873 583 1918 oum
605 1868 644 1917 ut
666 1853 713 1916 ait
734 1869 878 1940 magnus
930 1851 1082 1941 regorius
1110 1857 1320 1942 Theologua‚
1345 1877 1414 1920 cor·

239 1941 243 1946 ’
289 1959 375 2020 poro
397 1940 591 2003 Sanctorum
613 1940 647 2000 in
668 1941 847 2013 rationem,
871 1941 960 2002 natio
982 1943 1017 2001 in
1030 1939 1245 2012 intellectum,
1267 1941 1414 2004 intellec·

290 2036 347 2085 tus
372 2025 406 2084 iu
435 2023 567 2098 Deum,·
600 2039 639 2084 ac
695 2043 729 2084 er
756 2024 823 2086 hoc
844 2035 916 2086 tota
936 2020 1073 2086 illorum
1095 2039 1216 2088 natura
1238 2021 1275 2088 in
1299 2021 1412 2109 ipsum

290 2108 404 2169 Deum
429 2106 620 2170 mutabitur.
666 2044 772 2186 dujm
803 2102 854 2169 rei
888 2103 1116 2191 pulcherrima
1138 2105 1412 2206 paradigmataa

289 2188 464 2276 praedicto
493 2189 644 2254 Maximo
677 2187 714 2252 in
752 2187 959 2274 expositione
993 2189 1147 2276 Gregorii
1180 2189 1287 2276 pofita
1319 2191 1408 2262 lunt,

291 2295 435 2359 quorum
455 2295 564 2337 unum
585 2270 814 2357 praemisimus
836 2291 914 2336 cum
937 2273 979 2336 de
1001 2281 1075 2335 ae're
1095 2275 1338 2358 loquebamur;
1368 2273 1411 2335 al·

290 2371 401 2419 terum
421 2377 502 2420 vero
525 2375 619 2418 nunc
640 2355 899 2439 subjungemus,
922 2359 1015 2440 quod
1039 2355 1083 2418 est
1102 2355 1139 2418 in
1155 2354 1236 2441 igne
1253 2371 1288 2420 et
1306 2357 1408 2420 ferro.

290 2444 382 2504 Nam
411 2455 481 2501 erem
501 2431 634 2529 ferrum
662 2433 840 2524 corfinium
870 2441 939 2500 ini
985 2463 1003 2500 e
1024 2442 1058 2502 in
1078 2439 1237 2526 liquorem
1245 2435 1407 2532 solvitur,

248 2569 251 2580 .
291 2523 376 2588 nitu
396 2523 439 2584 de
459 2537 581 2586 natura
602 2526 672 2606 ejus
692 2541 856 2584 remanere
866 2461 1020 2612 senfflus
1039 2525 1190 2596 uidetur,
1210 2518 1280 2612 sed
1300 2539 1408 2590 totum

292 2610 327 2672 iit
359 2610 489 2690 igneam
515 2605 712 2691 qualitatem
742 2607 897 2668 vertitur.
942 2608 1020 2670 Soio
1033 2629 1125 2674 uero
1157 2614 1289 2675 ratione
1303 2604 1407 2698 suam

290 2705 443 2756 naturum
479 2692 631 2776 quumvis
650 2681 1021 2838 liquefactamfletuare
1043 2695 1264 2774 cognoscitur.
1312 2692 1408 2757 Sicut

290 2797 371 2862 ergo
393 2789 485 2840 totus
508 2780 560 2836 air
580 2774 655 2848 lux,
679 2785 858 2858 totumque
894 2795 1004 2838 ermm
1026 2773 1268 2861 liquefactum,
1291 2791 1333 2840 ut
1358 2771 1405 2838 di·

291 2857 419 2934 ximus,
442 2857 602 2944 igneum.
625 2855 696 2919 irno
718 2869 753 2918 et
773 2853 897 2942 ignita
922 2873 1036 2944 paret,
1060 2858 1278 2933 manentibus
1292 2874 1405 2924 tamen

291 2962 409 3027 eprum
432 2938 637 3013 substantiis,
660 2937 708 3001 ita
729 2938 809 3004 lano
830 2879 1009 3006 inteilectu
1030 2939 1287 3028 recipiendum,
1350 2939 1404 3004 nia

289 3027 362 3126 post
382 3025 487 3090 linem
508 3022 771 3104 hujusmundi,
796 3023 906 3088 omnis
926 3041 1047 3088 natura
1069 3025 1136 3089 five
1158 3037 1322 3124 corporea
1364 3043 1403 3086 ve

290 3130 511 3196 incorporea,
534 3109 623 3172 solua
643 3109 737 3169 Deua
760 3105 823 3170 elie
840 3107 1032 3183 videbitur,
1054 3123 1195 3172 naturae
1211 3109 1406 3195 integritate

185 3243 188 3260 .
316 3208 528 3268 emanente,
557 3205 598 3253 ut
626 3205 660 3252 et
681 3193 774 3254 Deua
796 3189 855 3275 qui
876 3213 937 3276 per
956 3191 1100 3278 seipsum
1120 3190 1404 3280 incomprehenli·

216 3303 218 3310 ’
289 3217 368 3341 iilis
393 3275 455 3350 est,
478 3273 515 3337 in
537 3287 688 3337 creatura
709 3275 959 3370 quodammodo
984 3277 1312 3360 comprehendatur3
1335 3275 1348 3338 i
1374 3273 1405 3334 la

290 3380 372 3424 uero
395 3373 546 3422 creatura
566 3353 730 3436 ineffabilr
752 3353 915 3422 miraculo
937 3357 974 3422 in
998 3363 1111 3424 Deum
1134 3373 1295 3436 vertatur.
1384 3357 1404 3419 d
1432 3361 1433 3404 ἶ

291 3441 459 3508 sufficiant
480 3440 553 3522 ista,
576 3439 600 3502 fi
621 3437 684 3502 tibi
705 3441 792 3503 olere
812 3443 995 3508 lucescant
1032 3447 1074 3506 D.
1097 3446 1293 3510 hueeacunt
1314 3443 1402 3513 lane,

291 3541 456 3615 quantum
489 3523 568 3588 talia
600 3521 717 3587 nolitia
745 3524 918 3591 mentibus
950 3527 1063 3590 lucere
1085 3525 1251 3593 linuntur.
1294 3531 1348 3590 De
1368 3541 1403 3586 re

291 3607 386 3684 enim
404 3605 569 3674 ineffabili
590 3605 723 3693 quirin
745 3609 809 3673 hac
828 3608 898 3674 vita
921 3611 1111 3674 luculenter
1128 3610 1240 3709 potest
1263 3609 1343 3685 fari,
1365 3617 1403 3668 ut

251 3714 259 3766 ς
289 3691 379 3758 nihil
411 3691 554 3780 amplius
574 3689 820 3788 inquirentium
842 3707 980 3780 appetat
1001 3693 1226 3758 defidenumi
1241 3717 1244 3722 ·
1260 3692 1402 3781 praeler-

247 3823 251 3840 .
289 3777 354 3842 tim
376 3798 454 3842 cum
474 3777 571 3842 nulla
589 3777 654 3839 alra
673 3775 886 3862 promittitur
906 3776 1006 3843 nobie
1020 3776 1400 3878 gloriapraetereorum

250 3883 253 3889 ·
290 3881 377 3949 quae
397 3859 455 3928 hic
473 3883 535 3948 per
555 3855 658 3924 fidem
680 3861 881 3938 creduntur,
910 3877 945 3924 et
964 3875 1098 3926 rotrone
1120 3877 1348 3954 quaeruntur,
1371 3869 1403 3920 et

246 4003 249 4008 .
291 3960 457 4034 quantum
485 3945 566 4010 licet
598 3944 798 4026 suadentur,
831 3943 869 4009 in
890 3945 1005 4010 futura
1024 3945 1095 4011 vita
1115 3966 1176 4046 per
1197 3943 1401 4034 experimen·

289 4043 366 4094 tum
396 4028 641 4118 cognitionem.
682 4023 732 4093 Μ.
754 4031 869 4095 ¹Caute
895 4049 935 4096 ae
960 4029 1207 4097 rationabiliter
1244 4028 1400 4094 aestimat·

289 4111 439 4194 Proinde
470 4115 513 4181 ad
535 4133 574 4178 ea
595 4133 681 4200 quae
701 4111 870 4202 pro‘pollta
891 4113 986 4193 lunt,
1020 4117 1089 4180 lroc
1111 4114 1173 4190 est,
1208 4115 1251 4180 ad
1273 4109 1402 4178 divino·

239 4271 266 4306 .,
290 4219 371 4266 nem
393 4200 564 4275 Naturae,-
591 4199 805 4281 redeundum
827 4199 958 4276 censeo.
1001 4203 1045 4266 D.
1067 4199 1292 4267 Redeuodum
1313 4195 1398 4264 rene,
