3036 4862
246 257 372 336 '828
465 197 470 208 ·
534 299 541 306 -
610 253 1061 328 nemoaooeNatarae.

289 447 393 512 aeres.
443 441 567 510 Melior
596 437 645 532 all
673 427 790 507 comeu'
813 444 1010 526 imaginatio
1041 441 1192 525 corporir
1221 439 1258 502 in
1285 439 1395 506 animo

287 551 385 616 quam
406 527 465 594 ttta
477 519 610 622 speeies
628 529 794 609 corporis,
814 531 850 592 in
870 541 1024 614 quonum
1044 527 1126 590 boec
1145 528 1180 590 in
1192 523 1321 588 meliors·
1336 545 1395 586 na·

156 642 159 650 ·
289 627 368 679 tura
393 609 459 704 est,
488 611 527 674 id
552 607 620 700 (st,
653 613 687 674 iia
725 611 765 673 ub
796 613 893 676 antia
911 613 1029 684 vitali,
1052 606 1160 701 sicuti
1181 604 1229 700 est
1249 609 1389 678 animur.

289 701 368 764 Noti
396 708 507 760 autem
536 715 590 758 res
617 698 686 760 inte
711 699 760 778 igi
783 695 843 761 ilas
863 700 997 762 notione
992 689 1076 842 {suo
1096 715 1179 779 qaae
1201 689 1250 780 «fi
1270 695 1305 754 iii
1324 693 1396 756 aiii·

289 803 344 846 mo
371 780 519 845 meliores
540 773 604 872 effe
623 781 730 844 audeo
753 781 880 844 aeae:
911 782 988 866 Quo
1035 777 1125 841 enim
1147 774 1257 840 intelli
1282 773 1308 836 't
1327 795 1397 838 nie·

287 865 355 930 lius
382 864 444 928 elle
470 883 570 950 quain
599 865 692 949 quod
719 863 829 927 intelli
856 861 941 939 ‘tur,
973 860 1060 926 ratio
1091 862 1220 925 edocet.
1295 857 1396 923 amsi

287 969 400 1014 rerum
420 944 574 1012 omnium
595 945 746 1033 cognitio
768 946 805 1010 in
850 946 943 1011 ivina
964 942 1126 1032 sapientia
1148 939 1304 1018 lubfistit,
1327 961 1396 1006 me·

288 1030 418 1130 liorem·
438 1031 500 1095 eise
528 1029 837 1118 incomparabiliter
857 1051 930 1095 eam
945 1031 1050 1130 'rebus
1073 1026 1230 1126 omnibus
1254 1045 1396 1112 quarum

288 1113 531 1272 tittlssfiz
549 1109 1187 1292 323.5“t5¹i.t{32”.tittti..i‘.i
1202 1109 1399 1256 tiebat?

289 1295 495 1356 creaturam,
524 1295 565 1344 ut
592 1279 704 1346 omnis
734 1297 866 1362 natura.
889 1301 974 1380 quae
993 1281 1162 1376 sequentia
1183 1276 1216 1340 le
1236 1272 1398 1341 notitiam

289 1361 565 1450 comprehendit,
594 1385 665 1429 non
693 1365 800 1430 lolum
822 1366 942 1430 mehor
964 1378 998 1428 et
1017 1363 1167 1448 superior
1190 1359 1247 1434 lit,
1277 1379 1397 1423 verum

289 1445 392 1512 ctiam
420 1462 454 1511 et
481 1446 552 1534 ipsa
572 1445 882 1535 notitia-dignitate
902 1463 1042 1512 naturae
1064 1445 1101 1510 in
1124 1463 1190 1530 qua
1211 1442 1271 1516 est,
1303 1461 1397 1528 prae·

288 1529 381 1596 cedit
410 1553 483 1595 eain
511 1531 614 1618 longe
642 1535 737 1611 cujrie
764 1531 888 1595 notitia
915 1531 968 1595 est.
1012 1533 1061 1594 Ac
1092 1547 1154 1614 per
1173 1529 1241 1590 hoc
1265 1523 1400 1590 facilius

289 1611 431 1679 dixerim
462 1612 621 1677 notitiam
651 1613 918 1700 intelligibilium
946 1635 1057 1678 rerum
1087 1609 1314 1697 antiquiorem
1334 1608 1399 1673 elle

287 1695 365 1784 ipfia
393 1695 667 1782 intelligibilibus
700 1699 812 1762 rebusss
855 1700 902 1761 M.
925 1699 1012 1762 lllud
1034 1691 1173 1760 iortaffis
1194 1707 1285 1757 recte
1307 1689 1397 1756 dice·

287 1801 362 1855 ree,
393 1780 418 1842 si
445 1779 662 1866 praestantius
684 1781 723 1844 lit
744 1782 835 1868 quod
856 1781 1036 1854 formatur,
1069 1777 1128 1842 illo
1150 1779 1243 1874 qaod
1264 1775 1397 1840 format.

287 1863 331 1926 D.
355 1863 467 1946 Quare
487 1865 554 1926 hoc
575 1863 745 1962 opponis?
779 1865 828 1930 M.
852 1865 941 1951 Quia
961 1860 1086 1946 notitia
1109 1875 1230 1924 artium
1253 1857 1397 1944 quaein

288 1944 401 2028 anima
431 1945 491 2018 est.
527 1947 566 2009 ab
594 1947 671 2034 ipfis
697 1947 823 2018 artibus
847 1947 982 2012 formari
1006 1947 1151 2010 videtur.
1195 1944 1262 2006 Sed
1282 1943 1306 2006 li
1329 1962 1398 2006 cer·

285 2027 407 2093 tillima
427 2028 559 2093 ratione
580 2031 845 2111 suaderes‚4non
867 2029 1029 2096 notitiam
1048 2049 1087 2092 eir
1110 2025 1257 2103 artibus,
1279 2047 1398 2090 verum

182 2114 191 2154 ⁴¹
288 2127 374 2177 artea
397 2133 436 2176 ex
456 2111 581 2176 notitia
603 2114 740 2178 formari
764 2129 822 2177 tua
844 2115 978 2180 forsitan
999 2107 1215 2178 ratiocinatio
1236 2125 1328 2174 recte
1349 2107 1401 2172 iii·

240 2205 246 2225 ·
288 2199 493 2282 grederetur.
536 2199 579 2259 D.
612 2198 736 2260 Nonne
764 2194 938 2261 internos
960 2195 1155 2262 confectum
1175 2196 1260 2274 jam„
1298 2213 1401 2257 omne

162 2331 164 2340 ,
312 2281 382 2343 uod
401 2277 564 2366 intelligit
583 2279 642 2342 illo
665 2280 757 2364 quod
778 2277 981 2364 intelligitur
1000 2273 1217 2373 praestantiae
1237 2275 1325 2338 ellel
1348 2277 1398 2340 M.

287 2301 506 2426 britfertum.
549 2364 592 2424 D.
622 2361 687 2424 Dic
711 2381 789 2458 ergo
812 2377 925 2424 utrum
948 2357 1069 2446 peritia
1092 2356 1216 2421 mentia
1237 2357 1401 2457 intelligit

288 2442 521 2528 disciplinam,
558 2465 600 2507 an
629 2443 809 2530 disciplina
829 2442 1009 2530 peritiam?
1042 2443 1090 2505 M.
1113 2443 1232 2504 Mente
1253 2439 1413 2528 intelligi,

288 2525 503 2624 disciplinam
530 2543 602 2598 non
631 2526 770 2603 dubit03
805 2527 830 2590 fi
857 2547 937 2590 vero
967 2525 1081 2590 dixero
1110 2546 1150 2587 eir
1172 2523 1242 2610 ipsa
1262 2547 1400 2611 quoque

286 2608 410 2696 peritia
432 2609 601 2688 uiriliter,
635 2611 718 2675 sicut
741 2625 776 2674 et
794 2625 909 2674 mente
931 2614 1028 2688 cnjus
1050 2605 1172 2694 peritia
1193 2607 1236 2670 est
1256 2611 1399 2672 eandem

288 2691 504 2792 disciplinam
526 2690 705 2779 cognosci,
727 2715 846 2758 vereor
867 2715 911 2757 ne
931 2693 1047 2756 videar
1069 2692 1226 2764 offerere,
1247 2707 1398 2756 mentem

286 2775 513 2864 peritiamque
547 2777 597 2840 rui
620 2780 688 2842 duo
710 2781 872 2864 quaedam
895 2777 957 2840 elle
980 2773 1179 2862 disciplinae
1199 2775 1399 2842 notionibus

260 2857 455 2946 'vigentia,
492 2873 525 2923 et
548 2881 619 2924 non
642 2881 745 2925 unam
768 2864 907 2926 eandem
932 2881 976 2924 ue
997 2857 1167 2923 essentiam
1189 2859 1245 2924 cui
1265 2875 1402 2928 natura·

283 2942 367 3007 liter
383 2943 467 3007 inell
488 2941 688 3030 disciplinae
710 2943 873 3030 cognitio.
911 2883 952 3006 ii
974 2957 1087 3006 autem
1107 2957 1256 3008 mentem
1279 2945 1399 3031 suique

311 3025 462 3101 aritiam,
488 3045 562 3090 non
597 3029 665 3091 duo
738 3031 854 3093 aedem
876 3027 1061 3090 sedunum
1084 3040 1184 3110 atque
1207 3023 1297 3093 idem
1319 3049 1399 3093 vera

283 3045 388 3174 docet
414 3107 519 3184 ratio,
562 3129 666 3196 cogor
709 3111 792 3174 ateri
823 3129 924 3175 omne
946 3112 1038 3196 quod
1059 3122 1174 3172 merite
1195 3107 1399 3199 intelligitur

282 3190 407 3280 peritia
428 3211 563 3290 quoque
585 3193 635 3256 lui
655 3192 819 3280 intelligi,
853 3209 887 3256 et
908 3192 1075 3256 continuo
1098 3191 1270 3277 sequetur,
1305 3218 1399 3260 men·

283 3289 354 3340 tem
385 3290 419 3339 et
451 3275 608 3360 peritiam
627 3277 682 3339 nel
705 3293 795 3340 certe
815 3292 964 3340 mentem
988 3277 1130 3361 peritam
1152 3279 1399 3360 praestantioris

282 3373 424 3422 naturae
455 3359 518 3420 affe
548 3379 587 3422 ea
622 3357 801 3444 disciplina
823 3381 922 3447 quam
945 3359 1127 3446 intelligit,
1162 3357 1399 3452 si'antiquiora

281 3441 362 3504 funt
393 3439 575 3505 intellectis
596 3440 833 3529 intelligentia.
877 3441 913 3506 si
935 3458 1047 3506 autem
1070 3442 1184 3506 dixero
1206 3445 1311 3531 ipsam
1332 3447 1398 3512 dis·

281 3521 445 3609 ciplinam
474 3522 603 3610 peritae
633 3526 758 3590 mentia
789 3524 946 3612 peritiam
977 3527 1058 3602 ess'e3
1093 3527 1301 3616 consequens
1335 3529 1401 3594 erit

280 3621 342 3670 aut
369 3621 520 3672 mentem
545 3607 705 3706 peritiam
741 3607 1023 3708 disciplinamque
1043 3610 1187 3695 peritam
1208 3615 1277 3677 duo
1299 3635 1399 3714 qnae·

264 3691 360 3768 ¹dam
388 3690 451 3755 effe
480 3691 515 3754 le
542 3688 693 3756 invicem
720 3689 947 3780 intelligentia
976 3707 1011 3756 et
1030 3713 1049 3756 a
1071 3693 1104 3757 se
1125 3691 1275 3761 invicem
1296 3697 1396 3762 intel·

143 3771 148 3780 '
279 3773 383 3849 lecta,
406 3793 445 3839 ac
464 3794 527 3861 per
546 3776 614 3840 hoc
635 3775 766 3862 aequali
787 3775 822 3841 di
871 3776 953 3840 itate
975 3791 1115 3844 naturae
1130 3779 1314 3863 pollentia·
1338 3793 1399 3845 aut

161 3863 174 3896 ‘
277 3871 449 3933 ruentem,
478 3855 702 3956 peritiamque
731 3858 783 3922 tui
806 3858 1088 3950 dsciplinamque
1132 3879 1210 3926 uam
1234 3827 1400 3952 inteiligit

280 3951 318 4003 et
345 3961 364 4005 a
391 3961 458 4027 qut
483 3941 688 4028 intelligitur
714 3942 819 4008 unius
848 3945 1066 4029 ejusdemque
1100 3965 1118 4007 e
1145 3944 1257 4010 entiae
1286 3946 1396 4014 fateri.

275 4023 349 4090 ¹Sed
375 4023 459 4112 quid
488 4025 612 4089 borum
640 4030 827 4092 tenendum
856 4025 897 4090 fit
916 4029 1072 4091 nondum
1093 4027 1180 4092 clare
1202 4045 1306 4116 patet.
1348 4033 1395 4094 D.

278 4107 404 4196 pariari
433 4105 565 4194 patebit
594 4110 779 4202 dummodo
812 4125 940 4176 rectam
958 4109 1186 4176 ratiocinandi
1206 4113 1298 4178 viam
1317 4116 1395 4178 Deo

269 4189 368 4281 ¹duce
386 4189 628 4280 ingrediamur.
671 4195 720 4262 M.
754 4191 962 4282 Quaeramus
982 4191 1097 4284 itaque
1118 4194 1399 4283 alligaturam
