3038 4832
481 241 589 316 uter
607 241 808 316 aemon
870 191 872 198 ¹
923 240 926 248 ’
1139 247 1207 326 ur

92 422 194 490 etiarn
215 425 367 503 uniam.
399 429 558 496 Sanctam
579 425 656 500 dico
677 423 899 507 Trinitatem,
927 441 1041 514 aperte
1061 431 1204 500 declara·

88 521 161 572 tarn
195 508 248 574 hia
268 505 379 575 verbio
400 510 571 614 intellige,
608 519 651 578 In
670 514 843 592 Ptincipio
853 504 951 602 fecit
968 513 1067 578 Deus
1083 513 1204 583 coelium

92 605 127 656 et
154 605 291 656 tetram,
333 595 465 661 Patrem
485 596 646 662 videlicet
665 595 702 660 in
723 593 790 658 Dei
810 593 967 670 nomine,
994 599 1203 688 verbumque

89 680 163 755 ejna
185 674 353 774 Principii
378 679 623 766 appellatione,
647 693 681 742 et
701 679 804 766 paulo
826 677 899 764 post
918 676 1084 765 Spiritum
1101 685 1201 751 Sanc·

91 773 166 822 tttm
198 759 258 823 nbi
292 775 356 836 art,
391 767 537 842 Spiritus
560 767 635 829 Dei
652 758 833 851 ferebatur
842 755 948 855 super
967 783 1080 847 aqum.
1122 769 1201 832 Non

89 839 184 905 enim
208 844 249 905 de
271 842 338 906 alio
359 844 478 930 spiritu
497 849 590 912 hunc
610 847 724 912 locum
744 845 842 909 Sacra
860 843 1031 931 Scriptura
1047 851 1201 934 protulit.
1324 875 1330 885 ·

87 926 180 988 Ecce
201 926 303 988 habea
325 928 436 992 caulae
457 929 687 1016 primordiales
710 941 744 991 et
764 927 934 993 caularum
960 930 1091 996 caulam
1105 955 1200 1020 prae·

90 1005 194 1071 dictio
215 1009 424 1096 Theologiae
443 1013 554 1078 verbio
576 1027 653 1100 apte
676 1009 913 1098 distincteque,
947 1009 984 1074 ni
1006 1012 1123 1092 fallor,
1145 1019 1201 1082 de·

21 1145 23 1148 .
86 1091 239 1154 clarataa.
282 1095 325 1156 D.
362 1095 479 1160 Habeo
499 1097 599 1194 plane
619 1093 831 1180 libenterque
852 1091 983 1179 accipio
1005 1096 1070 1160 Dei
1091 1099 1199 1166 nonai·

85 1193 155 1248 ne,
177 1174 329 1239 Patremt
347 1175 531 1274 principit,
554 1177 664 1242 filium
686 1177 768 1242 Deit
791 1175 926 1264 spiritua
939 1177 1031 1260 Dei„
1041 1179 1199 1266 spiritum

84 1256 241 1320 [metum
273 1257 494 1344 fignificatoet
538 1265 663 1326 Terrae
692 1281 773 1325 vcro
804 1257 985 1324 vilibilium
1016 1267 1197 1344 vocabulo,

83 1339 218 1414 causan
241 1340 369 1422 abyffi,
392 1342 645 1432 intelligibilutn
666 1343 851 1418 indicum
874 1341 1022 1408 Divinae
1040 1367 1122 1413 vero
1139 1369 1197 1416 na·
1321 1385 1325 1394 .

85 1437 186 1486 turae
206 1423 523 1510 superminentiam,
559 1431 625 1492 hoc
647 1426 710 1502 est,
746 1424 961 1491 altitudinem
982 1430 1099 1495 causae
1119 1452 1222 1510 σιω,

83 1503 217 1582 farum,
252 1507 486 1594 superlationis
514 1511 572 1575 seu
593 1512 684 1575 iotua
705 1511 763 1574 [eu
784 1509 1025 1575 foecunditatis
1045 1513 1196 1595 symbolo

82 1589 150 1684 elle
179 1589 313 1654 lualam.
357 1593 405 1656 M.
436 1591 535 1658 Priue
565 1594 679 1680 itaque
701 1613 801 1681 quam
825 1596 866 1657 ad
887 1592 1044 1658 senariae
1066 1595 1198 1684 quanti·

82 1685 167 1818 afflant
195 1673 661 1822 prpnporpial·ium·sscaularum
685 1676 723 1741 in
744 1675 799 1774 [ex
820 1674 1050 1823 ἱητεΙΙίςίίὶδίῙει
1069 1679 1196 1778 primae

79 1774 253 1937 pren
276 1763 1196 1941 {attenuarentureftlettera:

80 1939 127 1984 co
148 1921 340 1998 Trinitate,
366 1927 509 1989 dicenda
535 1929 676 1989 arbitror
697 1925 721 1990 [ι
743 1925 807 1988 tibt
829 1927 976 1990 videtur.

145 2005 190 2065 D.
225 2006 282 2069 Nil
312 2005 443 2071 avidius
475 2007 686 2094 quaesierint,
719 2006 770 2070 nil
797 2007 959 2071 salubrius
981 2007 1193 2086 crediderim,
1285 2031 1288 2038 ’

77 2085 130 2149 nt'l
153 2085 254 2152 altine
275 2087 514 2164 intellexerim,
536 2113 636 2176 quarn
681 2091 750 2152 uod
773 2089 814 2150 de
836 2088 1018 2152 universali
1039 2093 1213 2157 omniurn·

77 2167 246 2234 ineffabili
269 2172 364 2236 fonte
385 2166 474 2236 verio'
494 2113 793 2257 probabiliduaque
815 2169 940 2231 dicitur
965 2171 1193 2259 investigatio·

77 2253 194 2318 tribue.
225 2256 304 2318 Non
327 2253 418 2319 enim
441 2251 506 2318 alia
528 2253 681 2319 fidelium
704 2249 891 2315 animarum
911 2249 1067 2328 satureo,
1091 2275 1193 2342 quant

79 2339 124 2400 de
160 2357 231 2402 uno
254 2331 407 2401 omnium
428 2333 599 2424 principio
621 2357 706 2422 quae
725 2354 805 2398 vere
824 2331 1062 2419 praedicantur
1082 2341 1194 2404 crede·
1232 2381 1237 2394 ·

78 2441 134 2492 re.
172 2433 207 2483 et
237 2441 322 2506 quae
351 2441 431 2483 vere
460 2423 644 2486 creduntur
671 2415 780 2484 intelli
806 2437 871 2480 ere.
913 2418 962 2480 Μ.
989 2417 1056 2483 Dic
1076 2419 1192 2508 itaque

77 2502 204 2650 pareto
234 2501 317 2590 qnid
345 2502 507 2588 intelligia
541 2503 676 2592 quando
699 2439 830 2596 Therfio·
857 2497 922 2597 ‘etp
943 2501 1114 2567 dicentem
1135 2525 1193 2569 au-

103 2585 152 2659 ia.
182 2589 225 2650 Itt
253 2590 425 2668 Principio
451 2590 540 2674 jecit
565 2589 671 2652 Deus.
713 2587 757 2646 D.
785 2583 830 2646 Νι
864 2581 955 2646 ahud
976 2605 1076 2669 quant
1098 2591 1192 2672 quod

76 2669 170 2732 inter
188 2689 254 2733 noa
276 2687 499 2745 convenerat,
521 2685 651 2758 patrem
673 2667 710 2730 in
730 2668 835 2728 verbo
855 2665 914 2728 luo
933 2667 1048 2731 omnia
1067 2669 1189 2734 fecitte.

78 2755 170 2815 Dum
204 2752 296 2817 enim
328 2755 439 2818 Deum
465 2755 583 2827 audio,
618 2755 734 2814 Deum
755 2749 890 2812 Patrem
920 2747 1048 2834 cogito.
1097 2753 1191 2818 Dum

76 2833 190 2923 princi
216 2835 308 2908 inm,
343 2835 497 2924 intelligo
529 2839 641 2898 Deurn
668 2832 819 2895 verbum.
861 2831 910 2894 M.
940 2830 1033 2916 Quid
1056 2834 1103 2897 de
1123 2837 1211 2899 hoca

77 2921 173 3006 quod
253 2920 390 3004 eologua
413 2917 476 2992 ait,
508 2923 550 2980 In
572 2909 739 3010 Principio
751 2906 848 3003 fecit
868 2913 984 2986 Deus,
1002 2929 1119 2980 utrum
1139 2915 1191 2980 in·

78 3001 152 3066 telli
178 2999 206 3066 'a
234 3003 367 3065 Patrem
388 3001 533 3064 Verbum
554 2997 651 3062 suum
695 3015 781 3058 ramo
803 2993 969 3080 genuille,
1005 3015 1044 3060 ac
1065 2997 1190 3062 deinde
1296 3049 1300 3054 ,
1339 2977 1343 2986 “

80 3088 226 3150 Coeum
259 3105 298 3146 ac
319 3085 455 3148 Terram
477 3082 514 3146 in
537 3101 577 3146 eo
599 3079 652 3144 fec
691 3097 726 3141 et
756 3099 798 3140 an
820 3076 908 3140 forte
928 3077 1070 3142 verbum
1091 3079 1190 3146 [uum

80 3166 297 3232 aeternaliter
323 3165 461 3252 genuit,
496 3177 529 3228 et
556 3162 593 3228 in
622 3161 695 3250 ipso
718 3157 930 3223 aeternaliter
950 3159 1064 3224 omnia
1084 3159 1189 3238 lecitt

79 3250 124 3314 ita
153 3265 198 3326 ut
223 3249 319 3312 nullo
342 3251 446 3313 modo
465 3243 626 3334 proceffio
645 3241 741 3308 verbi
766 3243 901 3306 aPatre
921 3243 982 3338 per
1003 3242 1189 3328 generatio·

80 3357 160 3398 nem
194 3333 372 3432 praecedat
389 3329 642 3477 proceffioncm·
656 3324 810 3423 omniurn
832 3326 874 3389 de
894 3325 1003 3390 nihilo
1024 3324 1062 3390 in
1083 3329 1188 3425 penho

76 3417 395 3564 tidelm
428 3417 532 3562 iili
552 3409 895 3578 lzllilltltttt
916 3421 1189 3558 limitet:

77 3582 324 3670 perfuerunt,
358 3596 393 3645 et
424 3593 495 3645 erat
512 3579 655 3642 verbnm
675 3575 811 3662 quando
831 3593 902 3638 non
924 3588 1019 3638 erant
1040 3574 1186 3650 Caulae‘3

79 3688 121 3730 an
143 3680 344 3730 coaeternae
366 3664 398 3728 ei
420 3664 515 3738 lunt,
539 3676 574 3726 et
591 3679 766 3748 nunquam
789 3659 1009 3722 eratverbnm
1025 3656 1093 3722 line
1112 3679 1188 3724 cau·

76 3749 116 3814 fia
136 3748 177 3814 in
198 3749 235 3814 [e
254 3746 419 3823 conditio,
442 3761 477 3812 et
495 3745 592 3810 nullo
612 3741 679 3808 alio
699 3742 802 3806 modo
823 3738 1026 3827 intelligitur
1045 3742 1187 3806 verbum

77 3833 193 3898 unta·
213 3830 253 3897 in
274 3831 308 3895 [e
329 3829 481 3897 conditae
500 3827 699 3918 praecedere
717 3823 781 3888 nili
824 3821 1055 3889 uod'verbum
1075 3824 1188 3890 causae

77 3931 187 3992 creet,
219 3914 337 3980 caulae
364 3933 445 3980 vero
473 3927 629 3980 creantur
656 3929 675 3973 a
702 3845 909 4006 verbodss.
931 3907 1020 3971 Illud
1039 3904 1187 3993 primum

76 4021 148 4066 nou
171 3997 315 4066 omnino
337 3995 560 4064 concellerim.
600 3993 681 4060 Non
708 4012 801 4057 emm
822 3991 899 4055 drco
921 3992 1092 4078 quomodo
1113 3991 1189 4078 pni-

77 4083 114 4148 it
133 4081 367 4172 corporaliter
385 4081 584 4172 praecedere
606 4071 789 4164 Generatio
808 4070 905 4139 verbi
927 4093 968 4138 ex
986 4075 1085 4138 Patre
1099 4093 1187 4138 crea·

78 4163 208 4236 tionem
238 4163 393 4236 orantium
423 4165 568 4235 aPatre
594 4160 632 4230 in
659 4161 764 4228 aerbo
792 4171 827 4223 et
858 4177 920 4246 per
938 4158 1097 4234 verbnm,
1130 4155 1188 4220 sed

726 4274 786 4344 δί
