<?xml version="1.0" encoding="UTF-8"?>
<!DOCTYPE html PUBLIC "-//W3C//DTD XHTML 1.0 Transitional//EN"
    "http://www.w3.org/TR/xhtml1/DTD/xhtml1-transitional.dtd">
<html xmlns="http://www.w3.org/1999/xhtml" xml:lang="en" lang="en">
 <head>
  <title>
</title>
<meta http-equiv="Content-Type" content="text/html;charset=utf-8" />
  <meta name='ocr-system' content='tesseract 3.04.00' />
  <meta name='ocr-capabilities' content='ocr_page ocr_carea ocr_par ocr_line ocrx_word'/>
</head>
<body>
  <div class='ocr_page' id='page_1' title='image "./dedivisionenatu00eriggoog_0286.png"; bbox 0 0 3048 4856; ppageno 0'>
   <div class='ocr_carea' id='block_1_1' title="bbox 405 187 1229 334">
    <p class='ocr_par' dir='ltr' id='par_1_1' title="bbox 405 187 1229 334">
     <span class='ocr_line' id='line_1_1' title="bbox 405 187 1229 334; baseline -0.007 0"><span class='ocrx_word' id='word_1_1' title='bbox 405 327 410 334; x_wconf 85' lang='lat'><em>.</em></span> <span class='ocrx_word' id='word_1_2' title='bbox 512 238 800 328; x_wconf 63' lang='lat' dir='ltr'>moecatus.</span> <span class='ocrx_word' id='word_1_3' title='bbox 889 195 914 264; x_wconf 74' lang='grc' dir='ltr'> </span> <span class='ocrx_word' id='word_1_4' title='bbox 1125 187 1229 332; x_wconf 55' lang='lat' dir='ltr'>‚esi</span> 
     </span>
    </p>
   </div>
   <div class='ocr_carea' id='block_1_2' title="bbox 101 421 1311 670">
    <p class='ocr_par' dir='ltr' id='par_1_2' title="bbox 101 421 1311 670">
     <span class='ocr_line' id='line_1_2' title="bbox 101 421 1311 524; baseline 0.002 -22"><span class='ocrx_word' id='word_1_5' title='bbox 101 435 255 502; x_wconf 83' lang='lat' dir='ltr'>arridett.</span> <span class='ocrx_word' id='word_1_6' title='bbox 268 433 377 522; x_wconf 88' lang='lat' dir='ltr'>primo</span> <span class='ocrx_word' id='word_1_7' title='bbox 399 433 556 522; x_wconf 86' lang='lat' dir='ltr'>quidem,</span> <span class='ocrx_word' id='word_1_8' title='bbox 580 439 715 524; x_wconf 86' lang='lat' dir='ltr'>quaudo</span> <span class='ocrx_word' id='word_1_9' title='bbox 738 452 773 502; x_wconf 90' lang='lat' dir='ltr'>et</span> <span class='ocrx_word' id='word_1_10' title='bbox 795 434 922 514; x_wconf 90' lang='lat' dir='ltr'>creari,</span> <span class='ocrx_word' id='word_1_11' title='bbox 946 451 981 500; x_wconf 92' lang='lat' dir='ltr'>et</span> <span class='ocrx_word' id='word_1_12' title='bbox 1001 421 1112 501; x_wconf 82' lang='lat' dir='ltr'>creare</span> <span class='ocrx_word' id='word_1_13' title='bbox 1133 459 1212 504; x_wconf 93' lang='lat' dir='ltr'>con·</span> <span class='ocrx_word' id='word_1_14' title='bbox 1304 425 1311 432; x_wconf 46' lang='lat'>¹</span> 
     </span>
     <span class='ocr_line' id='line_1_3' title="bbox 102 517 1213 670; baseline 0 -86"><span class='ocrx_word' id='word_1_15' title='bbox 102 519 244 670; x_wconf 58' lang='lat' dir='ltr'>gpicitur</span> <span class='ocrx_word' id='word_1_16' title='bbox 271 517 389 584; x_wconf 89' lang='lat' dir='ltr'>divina</span> <span class='ocrx_word' id='word_1_17' title='bbox 407 534 547 596; x_wconf 84' lang='lat' dir='ltr'>natura;</span> <span class='ocrx_word' id='word_1_18' title='bbox 581 537 713 586; x_wconf 89' lang='lat' dir='ltr'>creatur</span> <span class='ocrx_word' id='word_1_19' title='bbox 736 519 827 588; x_wconf 89' lang='lat' dir='ltr'>enim</span> <span class='ocrx_word' id='word_1_20' title='bbox 848 543 867 584; x_wconf 89' lang='lat' dir='ltr'>a</span> <span class='ocrx_word' id='word_1_21' title='bbox 889 518 992 606; x_wconf 87' lang='lat' dir='ltr'>seipsa</span> <span class='ocrx_word' id='word_1_22' title='bbox 1013 520 1049 584; x_wconf 93' lang='lat' dir='ltr'>in</span> <span class='ocrx_word' id='word_1_23' title='bbox 1070 519 1213 585; x_wconf 88' lang='lat' dir='ltr'>Primor-</span> 
     </span>
    </p>
   </div>
   <div class='ocr_carea' id='block_1_3' title="bbox 142 602 1212 701">
    <p class='ocr_par' dir='ltr' id='par_1_3' title="bbox 142 602 1212 701">
     <span class='ocr_line' id='line_1_4' title="bbox 142 602 1212 701; baseline 0 -33"><span class='ocrx_word' id='word_1_24' title='bbox 142 603 248 668; x_wconf 86' lang='lat' dir='ltr'>alibus</span> <span class='ocrx_word' id='word_1_25' title='bbox 270 603 391 677; x_wconf 86' lang='lat' dir='ltr'>caufis,</span> <span class='ocrx_word' id='word_1_26' title='bbox 414 623 463 701; x_wconf 45' lang='grc' dir='ltr'>ρο.</span> <span class='ocrx_word' id='word_1_27' title='bbox 471 624 533 692; x_wconf 88' lang='lat' dir='ltr'>per</span> <span class='ocrx_word' id='word_1_28' title='bbox 552 605 620 670; x_wconf 88' lang='lat' dir='ltr'>hoc</span> <span class='ocrx_word' id='word_1_29' title='bbox 641 604 780 692; x_wconf 81' lang='lat' dir='ltr'><strong>seipsam</strong></span> <span class='ocrx_word' id='word_1_30' title='bbox 801 619 908 678; x_wconf 87' lang='lat' dir='ltr'>creat,</span> <span class='ocrx_word' id='word_1_31' title='bbox 931 603 1072 678; x_wconf 86' lang='lat' dir='ltr'>hocest,</span> <span class='ocrx_word' id='word_1_32' title='bbox 1094 602 1212 668; x_wconf 83' lang='lat' dir='ltr'>insuia</span> 
     </span>
    </p>
   </div>
   <div class='ocr_carea' id='block_1_4' title="bbox 102 683 1454 786">
    <p class='ocr_par' dir='ltr' id='par_1_4' title="bbox 102 683 1454 786">
     <span class='ocr_line' id='line_1_5' title="bbox 102 683 1454 786; baseline -0.001 -36"><span class='ocrx_word' id='word_1_33' title='bbox 102 683 337 774; x_wconf 86' lang='lat' dir='ltr'>Theophaniis</span> <span class='ocrx_word' id='word_1_34' title='bbox 357 685 481 772; x_wconf 83' lang='lat' dir='ltr'>inerpst</span> <span class='ocrx_word' id='word_1_35' title='bbox 501 707 660 786; x_wconf 70' lang='lat' dir='ltr'>apparere</span> <span class='ocrx_word' id='word_1_36' title='bbox 682 710 723 752; x_wconf 87' lang='lat' dir='ltr'>ex</span> <span class='ocrx_word' id='word_1_37' title='bbox 738 686 967 754; x_wconf 87' lang='lat' dir='ltr'>occultiffimis</span> <span class='ocrx_word' id='word_1_38' title='bbox 983 703 1122 752; x_wconf 90' lang='lat' dir='ltr'>naturae</span> <span class='ocrx_word' id='word_1_39' title='bbox 1135 687 1212 750; x_wconf 87' lang='lat' dir='ltr'>luae</span> <span class='ocrx_word' id='word_1_40' title='bbox 1274 767 1277 772; x_wconf 15' lang='grc' dir='ltr'><strong>Δ</strong></span> <span class='ocrx_word' id='word_1_41' title='bbox 1347 723 1349 728; x_wconf 92' lang='grc'>-</span> <span class='ocrx_word' id='word_1_42' title='bbox 1451 733 1454 748; x_wconf 92' lang='grc'><em>.</em></span> 
     </span>
    </p>
   </div>
   <div class='ocr_carea' id='block_1_5' title="bbox 19 769 1299 4316">
    <p class='ocr_par' dir='ltr' id='par_1_5' title="bbox 96 769 1299 2187">
     <span class='ocr_line' id='line_1_6' title="bbox 99 769 1212 859; baseline -0.002 -23"><span class='ocrx_word' id='word_1_43' title='bbox 99 769 239 846; x_wconf 86' lang='lat' dir='ltr'>finibus,</span> <span class='ocrx_word' id='word_1_44' title='bbox 254 771 373 834; x_wconf 84' lang='lat' dir='ltr'>volens</span> <span class='ocrx_word' id='word_1_45' title='bbox 390 791 618 856; x_wconf 66' lang='lat' dir='ltr'>emergerem</span> <span class='ocrx_word' id='word_1_46' title='bbox 632 771 755 859; x_wconf 82' lang='lat' dir='ltr'>quibus</span> <span class='ocrx_word' id='word_1_47' title='bbox 765 787 799 835; x_wconf 92' lang='lat' dir='ltr'>et</span> <span class='ocrx_word' id='word_1_48' title='bbox 809 771 867 842; x_wconf 87' lang='lat' dir='ltr'>fibi</span> <span class='ocrx_word' id='word_1_49' title='bbox 881 771 942 857; x_wconf 80' lang='lat' dir='ltr'>ipsa</span> <span class='ocrx_word' id='word_1_50' title='bbox 950 770 1136 857; x_wconf 90' lang='lat' dir='ltr'>incognita,</span> <span class='ocrx_word' id='word_1_51' title='bbox 1145 774 1212 834; x_wconf 90' lang='lat' dir='ltr'>hoc</span> 
     </span>
     <span class='ocr_line' id='line_1_7' title="bbox 101 851 1295 942; baseline 0.001 -25"><span class='ocrx_word' id='word_1_52' title='bbox 101 851 168 930; x_wconf 85' lang='lat' dir='ltr'>est,</span> <span class='ocrx_word' id='word_1_53' title='bbox 198 851 235 917; x_wconf 90' lang='lat' dir='ltr'>in</span> <span class='ocrx_word' id='word_1_54' title='bbox 257 854 353 918; x_wconf 89' lang='lat' dir='ltr'>nullo</span> <span class='ocrx_word' id='word_1_55' title='bbox 374 853 408 917; x_wconf 88' lang='lat' dir='ltr'>se</span> <span class='ocrx_word' id='word_1_56' title='bbox 430 853 623 939; x_wconf 78' lang='lat' dir='ltr'>cognoscit,</span> <span class='ocrx_word' id='word_1_57' title='bbox 656 854 736 942; x_wconf 88' lang='lat' dir='ltr'>quia</span> <span class='ocrx_word' id='word_1_58' title='bbox 756 853 891 920; x_wconf 86' lang='lat' dir='ltr'>infinita</span> <span class='ocrx_word' id='word_1_59' title='bbox 913 853 973 929; x_wconf 82' lang='lat' dir='ltr'>esl,</span> <span class='ocrx_word' id='word_1_60' title='bbox 1002 869 1037 917; x_wconf 87' lang='lat' dir='ltr'>et</span> <span class='ocrx_word' id='word_1_61' title='bbox 1058 855 1211 939; x_wconf 89' lang='lat' dir='ltr'>superna·</span> <span class='ocrx_word' id='word_1_62' title='bbox 1292 911 1295 918; x_wconf 89' lang='lat'><em>.</em></span> 
     </span>
     <span class='ocr_line' id='line_1_8' title="bbox 99 936 1212 1025; baseline -0.002 -24"><span class='ocrx_word' id='word_1_63' title='bbox 99 936 237 1011; x_wconf 89' lang='lat' dir='ltr'>turalis,</span> <span class='ocrx_word' id='word_1_64' title='bbox 261 951 295 1001; x_wconf 85' lang='lat' dir='ltr'>et</span> <span class='ocrx_word' id='word_1_65' title='bbox 315 937 608 1022; x_wconf 86' lang='lat' dir='ltr'>superaeternalis,</span> <span class='ocrx_word' id='word_1_66' title='bbox 632 953 667 1002; x_wconf 92' lang='lat' dir='ltr'>et</span> <span class='ocrx_word' id='word_1_67' title='bbox 686 938 784 1025; x_wconf 89' lang='lat' dir='ltr'>super</span> <span class='ocrx_word' id='word_1_68' title='bbox 807 960 912 1006; x_wconf 72' lang='lat' dir='ltr'>omne,</span> <span class='ocrx_word' id='word_1_69' title='bbox 930 940 1021 1024; x_wconf 88' lang='lat' dir='ltr'>quod</span> <span class='ocrx_word' id='word_1_70' title='bbox 1043 937 1148 1024; x_wconf 85' lang='lat' dir='ltr'>potest</span> <span class='ocrx_word' id='word_1_71' title='bbox 1161 937 1212 1000; x_wconf 89' lang='lat' dir='ltr'>in·</span> 
     </span>
     <span class='ocr_line' id='line_1_9' title="bbox 99 1019 1213 1107; baseline 0 -23"><span class='ocrx_word' id='word_1_72' title='bbox 99 1019 228 1106; x_wconf 89' lang='lat' dir='ltr'>telligi,</span> <span class='ocrx_word' id='word_1_73' title='bbox 263 1035 297 1084; x_wconf 91' lang='lat' dir='ltr'>et</span> <span class='ocrx_word' id='word_1_74' title='bbox 325 1041 396 1084; x_wconf 86' lang='lat' dir='ltr'>non</span> <span class='ocrx_word' id='word_1_75' title='bbox 444 1019 543 1094; x_wconf 84' lang='lat' dir='ltr'>otest,</span> <span class='ocrx_word' id='word_1_76' title='bbox 575 1021 780 1087; x_wconf 88' lang='lat' dir='ltr'>descendens</span> <span class='ocrx_word' id='word_1_77' title='bbox 802 1043 883 1086; x_wconf 86' lang='lat' dir='ltr'>vero</span> <span class='ocrx_word' id='word_1_78' title='bbox 905 1021 942 1086; x_wconf 91' lang='lat' dir='ltr'>in</span> <span class='ocrx_word' id='word_1_79' title='bbox 963 1019 1143 1107; x_wconf 72' lang='lat' dir='ltr'>principiis</span> <span class='ocrx_word' id='word_1_80' title='bbox 1163 1042 1213 1084; x_wconf 85' lang='lat' dir='ltr'>re·</span> 
     </span>
     <span class='ocr_line' id='line_1_10' title="bbox 97 1101 1213 1192; baseline 0 -24"><span class='ocrx_word' id='word_1_81' title='bbox 97 1126 195 1178; x_wconf 89' lang='lat' dir='ltr'>rum,</span> <span class='ocrx_word' id='word_1_82' title='bbox 219 1124 258 1167; x_wconf 93' lang='lat' dir='ltr'>ac</span> <span class='ocrx_word' id='word_1_83' title='bbox 276 1101 385 1166; x_wconf 85' lang='lat' dir='ltr'>veluti</span> <span class='ocrx_word' id='word_1_84' title='bbox 420 1102 545 1190; x_wconf 88' lang='lat' dir='ltr'>eipsam</span> <span class='ocrx_word' id='word_1_85' title='bbox 567 1125 683 1170; x_wconf 89' lang='lat' dir='ltr'>creans</span> <span class='ocrx_word' id='word_1_86' title='bbox 705 1103 742 1170; x_wconf 91' lang='lat' dir='ltr'>in</span> <span class='ocrx_word' id='word_1_87' title='bbox 765 1103 877 1192; x_wconf 90' lang='lat' dir='ltr'>aliquo</span> <span class='ocrx_word' id='word_1_88' title='bbox 899 1103 1039 1170; x_wconf 76' lang='lat' dir='ltr'>inchoat</span> <span class='ocrx_word' id='word_1_89' title='bbox 1060 1105 1140 1168; x_wconf 85' lang='lat' dir='ltr'>esser</span> <span class='ocrx_word' id='word_1_90' title='bbox 1166 1103 1213 1168; x_wconf 89' lang='lat' dir='ltr'>se·</span> 
     </span>
     <span class='ocr_line' id='line_1_11' title="bbox 98 1185 1213 1274; baseline -0.002 -20"><span class='ocrx_word' id='word_1_91' title='bbox 98 1190 217 1254; x_wconf 87' lang='lat' dir='ltr'>cundo</span> <span class='ocrx_word' id='word_1_92' title='bbox 247 1207 349 1262; x_wconf 87' lang='lat' dir='ltr'>vero,</span> <span class='ocrx_word' id='word_1_93' title='bbox 384 1189 468 1250; x_wconf 89' lang='lat' dir='ltr'>dum</span> <span class='ocrx_word' id='word_1_94' title='bbox 497 1186 534 1250; x_wconf 92' lang='lat' dir='ltr'>in</span> <span class='ocrx_word' id='word_1_95' title='bbox 569 1186 726 1254; x_wconf 73' lang='lat' dir='ltr'>extremis</span> <span class='ocrx_word' id='word_1_96' title='bbox 747 1188 923 1254; x_wconf 85' lang='lat' dir='ltr'>effectibus</span> <span class='ocrx_word' id='word_1_97' title='bbox 944 1185 1213 1274; x_wconf 79' lang='lat' dir='ltr'>primordialium</span> 
     </span>
     <span class='ocr_line' id='line_1_12' title="bbox 98 1267 1229 1357; baseline 0 -21"><span class='ocrx_word' id='word_1_98' title='bbox 98 1271 275 1336; x_wconf 89' lang='lat' dir='ltr'>causarum</span> <span class='ocrx_word' id='word_1_99' title='bbox 296 1268 518 1356; x_wconf 89' lang='lat' dir='ltr'>perspicitur,</span> <span class='ocrx_word' id='word_1_100' title='bbox 541 1267 578 1334; x_wconf 92' lang='lat' dir='ltr'>in</span> <span class='ocrx_word' id='word_1_101' title='bbox 602 1269 724 1357; x_wconf 87' lang='lat' dir='ltr'>quibus</span> <span class='ocrx_word' id='word_1_102' title='bbox 745 1271 850 1336; x_wconf 85' lang='lat' dir='ltr'>c&#39;reari</span> <span class='ocrx_word' id='word_1_103' title='bbox 871 1273 1118 1346; x_wconf 90' lang='lat' dir='ltr'>tantummodo,</span> <span class='ocrx_word' id='word_1_104' title='bbox 1140 1285 1229 1336; x_wconf 73' lang='lat' dir='ltr'>non‘</span> 
     </span>
     <span class='ocr_line' id='line_1_13' title="bbox 96 1353 1299 1439; baseline 0.002 -21"><span class='ocrx_word' id='word_1_105' title='bbox 96 1369 216 1418; x_wconf 86' lang='lat' dir='ltr'>antem</span> <span class='ocrx_word' id='word_1_106' title='bbox 238 1373 349 1418; x_wconf 87' lang='lat' dir='ltr'>creare</span> <span class='ocrx_word' id='word_1_107' title='bbox 369 1368 460 1416; x_wconf 83' lang='lat' dir='ltr'>recte</span> <span class='ocrx_word' id='word_1_108' title='bbox 480 1353 710 1439; x_wconf 88' lang='lat' dir='ltr'>praedicatur;</span> <span class='ocrx_word' id='word_1_109' title='bbox 738 1371 870 1420; x_wconf 88' lang='lat' dir='ltr'>creatur</span> <span class='ocrx_word' id='word_1_110' title='bbox 892 1354 984 1420; x_wconf 90' lang='lat' dir='ltr'>enim</span> <span class='ocrx_word' id='word_1_111' title='bbox 1009 1354 1213 1424; x_wconf 85' lang='lat' dir='ltr'>descendens</span> <span class='ocrx_word' id='word_1_112' title='bbox 1294 1377 1299 1384; x_wconf 90' lang='lat'>·</span> 
     </span>
     <span class='ocr_line' id='line_1_14' title="bbox 97 1435 1213 1524; baseline 0.002 -23"><span class='ocrx_word' id='word_1_113' title='bbox 97 1437 139 1502; x_wconf 88' lang='lat' dir='ltr'>in</span> <span class='ocrx_word' id='word_1_114' title='bbox 163 1453 327 1502; x_wconf 85' lang='lat' dir='ltr'>extremos</span> <span class='ocrx_word' id='word_1_115' title='bbox 349 1435 507 1512; x_wconf 88' lang='lat' dir='ltr'>effectus,</span> <span class='ocrx_word' id='word_1_116' title='bbox 537 1439 625 1502; x_wconf 81' lang='lat' dir='ltr'>ultra</span> <span class='ocrx_word' id='word_1_117' title='bbox 646 1459 730 1524; x_wconf 87' lang='lat' dir='ltr'>quos</span> <span class='ocrx_word' id='word_1_118' title='bbox 751 1439 802 1502; x_wconf 90' lang='lat' dir='ltr'>nil</span> <span class='ocrx_word' id='word_1_119' title='bbox 824 1454 932 1514; x_wconf 88' lang='lat' dir='ltr'>creat,</span> <span class='ocrx_word' id='word_1_120' title='bbox 963 1437 1110 1524; x_wconf 91' lang='lat' dir='ltr'>ideoque</span> <span class='ocrx_word' id='word_1_121' title='bbox 1132 1435 1213 1503; x_wconf 90' lang='lat' dir='ltr'>dici·</span> 
     </span>
     <span class='ocr_line' id='line_1_15' title="bbox 99 1517 1215 1596; baseline 0 -12"><span class='ocrx_word' id='word_1_122' title='bbox 99 1537 160 1584; x_wconf 91' lang='lat' dir='ltr'>tur</span> <span class='ocrx_word' id='word_1_123' title='bbox 189 1517 294 1584; x_wconf 78' lang='lat' dir='ltr'>meari</span> <span class='ocrx_word' id='word_1_124' title='bbox 321 1519 551 1595; x_wconf 84' lang='lat' dir='ltr'>solummodo,</span> <span class='ocrx_word' id='word_1_125' title='bbox 581 1543 652 1586; x_wconf 86' lang='lat' dir='ltr'>nou</span> <span class='ocrx_word' id='word_1_126' title='bbox 675 1541 796 1588; x_wconf 86' lang='lat' dir='ltr'>creare.</span> <span class='ocrx_word' id='word_1_127' title='bbox 839 1524 917 1586; x_wconf 91' lang='lat' dir='ltr'>Non</span> <span class='ocrx_word' id='word_1_128' title='bbox 940 1521 1032 1596; x_wconf 85' lang='lat' dir='ltr'>enim</span> <span class='ocrx_word' id='word_1_129' title='bbox 1052 1522 1140 1584; x_wconf 89' lang='lat' dir='ltr'>ultra</span> <span class='ocrx_word' id='word_1_130' title='bbox 1160 1543 1215 1584; x_wconf 81' lang='lat' dir='ltr'>ex·</span> 
     </span>
     <span class='ocr_line' id='line_1_16' title="bbox 99 1593 1214 1692; baseline 0.001 -25"><span class='ocrx_word' id='word_1_131' title='bbox 99 1619 228 1668; x_wconf 70' lang='lat' dir='ltr'>nemos</span> <span class='ocrx_word' id='word_1_132' title='bbox 251 1601 392 1666; x_wconf 85' lang='lat' dir='ltr'>effectus</span> <span class='ocrx_word' id='word_1_133' title='bbox 414 1601 605 1680; x_wconf 87' lang='lat' dir='ltr'>descendit,</span> <span class='ocrx_word' id='word_1_134' title='bbox 637 1626 704 1692; x_wconf 90' lang='lat' dir='ltr'>quo</span> <span class='ocrx_word' id='word_1_135' title='bbox 727 1620 761 1669; x_wconf 93' lang='lat' dir='ltr'>et</span> <span class='ocrx_word' id='word_1_136' title='bbox 781 1593 903 1678; x_wconf 88' lang='lat' dir='ltr'>crea&#39;ri,</span> <span class='ocrx_word' id='word_1_137' title='bbox 933 1620 968 1668; x_wconf 88' lang='lat' dir='ltr'>et</span> <span class='ocrx_word' id='word_1_138' title='bbox 988 1625 1103 1678; x_wconf 87' lang='lat' dir='ltr'>creare</span> <span class='ocrx_word' id='word_1_139' title='bbox 1119 1600 1214 1668; x_wconf 87' lang='lat' dir='ltr'>vide·</span> 
     </span>
     <span class='ocr_line' id='line_1_17' title="bbox 97 1686 1212 1775; baseline -0.001 -25"><span class='ocrx_word' id='word_1_140' title='bbox 97 1702 206 1754; x_wconf 86' lang='lat' dir='ltr'>retur.</span> <span class='ocrx_word' id='word_1_141' title='bbox 236 1686 391 1750; x_wconf 88' lang='lat' dir='ltr'>-Creatur</span> <span class='ocrx_word' id='word_1_142' title='bbox 413 1707 448 1750; x_wconf 91' lang='lat' dir='ltr'>er</span> <span class='ocrx_word' id='word_1_143' title='bbox 472 1706 511 1758; x_wconf 88' lang='lat' dir='ltr'>o,</span> <span class='ocrx_word' id='word_1_144' title='bbox 534 1703 568 1750; x_wconf 91' lang='lat' dir='ltr'>et</span> <span class='ocrx_word' id='word_1_145' title='bbox 587 1703 677 1752; x_wconf 88' lang='lat' dir='ltr'>creat</span> <span class='ocrx_word' id='word_1_146' title='bbox 698 1687 735 1752; x_wconf 91' lang='lat' dir='ltr'>in</span> <span class='ocrx_word' id='word_1_147' title='bbox 750 1687 1023 1775; x_wconf 75' lang='lat' dir='ltr'>primordialibus</span> <span class='ocrx_word' id='word_1_148' title='bbox 1039 1686 1152 1762; x_wconf 87' lang='lat' dir='ltr'>caufis,</span> <span class='ocrx_word' id='word_1_149' title='bbox 1175 1687 1212 1750; x_wconf 91' lang='lat' dir='ltr'>in</span> 
     </span>
     <span class='ocr_line' id='line_1_18' title="bbox 99 1767 1212 1868; baseline 0 -34"><span class='ocrx_word' id='word_1_150' title='bbox 99 1791 219 1834; x_wconf 87' lang='lat' dir='ltr'>earum</span> <span class='ocrx_word' id='word_1_151' title='bbox 241 1789 321 1833; x_wconf 90' lang='lat' dir='ltr'>vero</span> <span class='ocrx_word' id='word_1_152' title='bbox 344 1767 455 1832; x_wconf 76' lang='lat' dir='ltr'>effecti</span> <span class='ocrx_word' id='word_1_153' title='bbox 480 1789 520 1831; x_wconf 85' lang='lat' dir='ltr'>us</span> <span class='ocrx_word' id='word_1_154' title='bbox 543 1787 694 1844; x_wconf 88' lang='lat' dir='ltr'>creatur,</span> <span class='ocrx_word' id='word_1_155' title='bbox 715 1793 787 1837; x_wconf 92' lang='lat' dir='ltr'>non</span> <span class='ocrx_word' id='word_1_156' title='bbox 810 1783 922 1847; x_wconf 78' lang='lat' dir='ltr'>creat3</span> <span class='ocrx_word' id='word_1_157' title='bbox 944 1769 1212 1868; x_wconf 61' lang='lat' dir='ltr'>necimmerito,</span> 
     </span>
     <span class='ocr_line' id='line_1_19' title="bbox 99 1849 1214 1941; baseline 0.002 -25"><span class='ocrx_word' id='word_1_158' title='bbox 99 1873 210 1941; x_wconf 87' lang='lat' dir='ltr'>quum</span> <span class='ocrx_word' id='word_1_159' title='bbox 230 1850 268 1914; x_wconf 92' lang='lat' dir='ltr'>in</span> <span class='ocrx_word' id='word_1_160' title='bbox 289 1849 366 1935; x_wconf 85' lang='lat' dir='ltr'>ipsr&#39;s</span> <span class='ocrx_word' id='word_1_161' title='bbox 387 1849 491 1912; x_wconf 86' lang='lat' dir='ltr'>finem</span> <span class='ocrx_word' id='word_1_162' title='bbox 512 1851 734 1918; x_wconf 89' lang='lat' dir='ltr'>descensionis</span> <span class='ocrx_word' id='word_1_163' title='bbox 754 1856 848 1930; x_wconf 81' lang='lat' dir='ltr'>suae,</span> <span class='ocrx_word' id='word_1_164' title='bbox 871 1858 938 1920; x_wconf 90' lang='lat' dir='ltr'>hoc</span> <span class='ocrx_word' id='word_1_165' title='bbox 951 1854 1011 1928; x_wconf 87' lang='lat' dir='ltr'>est,</span> <span class='ocrx_word' id='word_1_166' title='bbox 1033 1852 1214 1938; x_wconf 79' lang='lat' dir='ltr'>apparitio·</span> 
     </span>
     <span class='ocr_line' id='line_1_20' title="bbox 97 1930 1232 2022; baseline -0.002 -20"><span class='ocrx_word' id='word_1_167' title='bbox 97 1936 158 2002; x_wconf 87' lang='lat' dir='ltr'>nis</span> <span class='ocrx_word' id='word_1_168' title='bbox 181 1935 258 1999; x_wconf 90' lang='lat' dir='ltr'>suae</span> <span class='ocrx_word' id='word_1_169' title='bbox 279 1930 469 2008; x_wconf 84' lang='lat' dir='ltr'>constituit,</span> <span class='ocrx_word' id='word_1_170' title='bbox 493 1946 593 2018; x_wconf 89' lang='lat' dir='ltr'>atque</span> <span class='ocrx_word' id='word_1_171' title='bbox 613 1933 691 1998; x_wconf 87' lang='lat' dir='ltr'>ideo</span> <span class='ocrx_word' id='word_1_172' title='bbox 715 1936 825 2001; x_wconf 90' lang='lat' dir='ltr'>omnis</span> <span class='ocrx_word' id='word_1_173' title='bbox 847 1952 997 2002; x_wconf 89' lang='lat' dir='ltr'>creatura</span> <span class='ocrx_word' id='word_1_174' title='bbox 1016 1935 1232 2022; x_wconf 87' lang='lat' dir='ltr'>corporalia,&#39;</span> 
     </span>
     <span class='ocr_line' id='line_1_21' title="bbox 99 2015 1213 2101; baseline -0.002 -17"><span class='ocrx_word' id='word_1_175' title='bbox 99 2035 140 2084; x_wconf 87' lang='lat' dir='ltr'>et</span> <span class='ocrx_word' id='word_1_176' title='bbox 166 2015 323 2092; x_wconf 83' lang='lat' dir='ltr'>visibilis,</span> <span class='ocrx_word' id='word_1_177' title='bbox 358 2015 571 2101; x_wconf 75' lang='lat' dir='ltr'>sensibusque</span> <span class='ocrx_word' id='word_1_178' title='bbox 600 2015 819 2084; x_wconf 89' lang='lat' dir='ltr'>succumbens</span> <span class='ocrx_word' id='word_1_179' title='bbox 851 2036 1037 2084; x_wconf 86' lang='lat' dir='ltr'>extremum</span> <span class='ocrx_word' id='word_1_180' title='bbox 1064 2017 1213 2084; x_wconf 86' lang='lat' dir='ltr'>Divinae</span> 
     </span>
     <span class='ocr_line' id='line_1_22' title="bbox 98 2097 1213 2187; baseline -0.002 -19"><span class='ocrx_word' id='word_1_181' title='bbox 98 2117 245 2169; x_wconf 87' lang='lat' dir='ltr'>naturae</span> <span class='ocrx_word' id='word_1_182' title='bbox 273 2097 449 2186; x_wconf 77' lang='lat' dir='ltr'>vestigium</span> <span class='ocrx_word' id='word_1_183' title='bbox 476 2119 547 2164; x_wconf 92' lang='lat' dir='ltr'>non</span> <span class='ocrx_word' id='word_1_184' title='bbox 578 2097 681 2164; x_wconf 90' lang='lat' dir='ltr'>incon</span> <span class='ocrx_word' id='word_1_185' title='bbox 706 2123 766 2166; x_wconf 90' lang='lat' dir='ltr'>rue</span> <span class='ocrx_word' id='word_1_186' title='bbox 795 2103 879 2166; x_wconf 90' lang='lat' dir='ltr'>solet</span> <span class='ocrx_word' id='word_1_187' title='bbox 906 2102 943 2166; x_wconf 94' lang='lat' dir='ltr'>in</span> <span class='ocrx_word' id='word_1_188' title='bbox 966 2099 1138 2186; x_wconf 86' lang='lat' dir='ltr'>scripturis</span> <span class='ocrx_word' id='word_1_189' title='bbox 1158 2123 1213 2187; x_wconf 87' lang='lat' dir='ltr'>ap·</span> 
     </span>
    </p>

    <p class='ocr_par' dir='ltr' id='par_1_6' title="bbox 19 2124 1289 4280">
     <span class='ocr_line' id='line_1_23' title="bbox 128 2124 1213 2270; baseline -0.001 -19"><span class='ocrx_word' id='word_1_190' title='bbox 128 2185 242 2252; x_wconf 82' lang='lat' dir='ltr'>ellari:</span> <span class='ocrx_word' id='word_1_191' title='bbox 271 2186 364 2270; x_wconf 89' lang='lat' dir='ltr'>quod</span> <span class='ocrx_word' id='word_1_192' title='bbox 391 2180 501 2248; x_wconf 89' lang='lat' dir='ltr'>omnis</span> <span class='ocrx_word' id='word_1_193' title='bbox 524 2124 806 2268; x_wconf 69' lang='lat' dir='ltr'>contemplativus</span> <span class='ocrx_word' id='word_1_194' title='bbox 828 2183 982 2258; x_wconf 87' lang='lat' dir='ltr'>animus,</span> <span class='ocrx_word' id='word_1_195' title='bbox 1010 2183 1119 2248; x_wconf 81' lang='lat' dir='ltr'>veluti</span> <span class='ocrx_word' id='word_1_196' title='bbox 1140 2183 1213 2270; x_wconf 92' lang='lat' dir='ltr'>qui·</span> 
     </span>
     <span class='ocr_line' id='line_1_24' title="bbox 91 2211 1214 2354; baseline -0.004 -17"><span class='ocrx_word' id='word_1_197' title='bbox 91 2211 183 2337; x_wconf 73' lang='lat' dir='ltr'>&#39;dam</span> <span class='ocrx_word' id='word_1_198' title='bbox 211 2268 344 2350; x_wconf 81' lang='lat' dir='ltr'>Moyses</span> <span class='ocrx_word' id='word_1_199' title='bbox 373 2267 553 2331; x_wconf 89' lang='lat' dir='ltr'>ascendens</span> <span class='ocrx_word' id='word_1_200' title='bbox 581 2265 618 2330; x_wconf 89' lang='lat' dir='ltr'>in</span> <span class='ocrx_word' id='word_1_201' title='bbox 640 2267 864 2332; x_wconf 78' lang='lat' dir='ltr'>summitatem</span> <span class='ocrx_word' id='word_1_202' title='bbox 889 2265 1057 2331; x_wconf 87' lang='lat' dir='ltr'>Theoriae</span> <span class='ocrx_word' id='word_1_203' title='bbox 1077 2266 1214 2354; x_wconf 83' lang='lat' dir='ltr'>permit·</span> 
     </span>
     <span class='ocr_line' id='line_1_25' title="bbox 101 2349 1212 2438; baseline -0.003 -18"><span class='ocrx_word' id='word_1_204' title='bbox 101 2371 196 2420; x_wconf 90' lang='lat' dir='ltr'>tatur</span> <span class='ocrx_word' id='word_1_205' title='bbox 222 2349 404 2438; x_wconf 78' lang='lat' dir='ltr'>inspicere,</span> <span class='ocrx_word' id='word_1_206' title='bbox 436 2367 470 2416; x_wconf 89' lang='lat' dir='ltr'>et</span> <span class='ocrx_word' id='word_1_207' title='bbox 498 2352 589 2438; x_wconf 90' lang='lat' dir='ltr'>quod</span> <span class='ocrx_word' id='word_1_208' title='bbox 611 2353 722 2416; x_wconf 89' lang='lat' dir='ltr'>adhuc</span> <span class='ocrx_word' id='word_1_209' title='bbox 742 2350 800 2414; x_wconf 87' lang='lat' dir='ltr'>vix</span> <span class='ocrx_word' id='word_1_210' title='bbox 822 2372 841 2414; x_wconf 92' lang='lat' dir='ltr'>a</span> <span class='ocrx_word' id='word_1_211' title='bbox 862 2349 1068 2437; x_wconf 87' lang='lat' dir='ltr'>sapientibus</span> <span class='ocrx_word' id='word_1_212' title='bbox 1089 2349 1212 2418; x_wconf 87' lang='lat' dir='ltr'>animis</span> 
     </span>
     <span class='ocr_line' id='line_1_26' title="bbox 101 2433 1214 2526; baseline -0.003 -23"><span class='ocrx_word' id='word_1_213' title='bbox 101 2437 213 2526; x_wconf 83' lang='lat' dir='ltr'>potest</span> <span class='ocrx_word' id='word_1_214' title='bbox 240 2437 283 2500; x_wconf 94' lang='lat' dir='ltr'>ad</span> <span class='ocrx_word' id='word_1_215' title='bbox 311 2443 434 2520; x_wconf 77' lang='lat' dir='ltr'>purum</span> <span class='ocrx_word' id='word_1_216' title='bbox 456 2433 628 2520; x_wconf 82' lang='lat' dir='ltr'>dignosci:</span> <span class='ocrx_word' id='word_1_217' title='bbox 663 2433 943 2523; x_wconf 84' lang='lat' dir='ltr'>fumigationibus</span> <span class='ocrx_word' id='word_1_218' title='bbox 963 2434 1214 2503; x_wconf 86' lang='lat' dir='ltr'>Phantafiarum</span> 
     </span>
     <span class='ocr_line' id='line_1_27' title="bbox 103 2515 1213 2604; baseline -0.004 -18"><span class='ocrx_word' id='word_1_219' title='bbox 103 2539 313 2586; x_wconf 88' lang='lat' dir='ltr'>terrenarum</span> <span class='ocrx_word' id='word_1_220' title='bbox 325 2515 515 2604; x_wconf 88' lang='lat' dir='ltr'>strepitibus</span> <span class='ocrx_word' id='word_1_221' title='bbox 537 2518 771 2595; x_wconf 86' lang='lat' dir='ltr'>mutabilium,</span> <span class='ocrx_word' id='word_1_222' title='bbox 792 2539 950 2584; x_wconf 88' lang='lat' dir='ltr'>necnon</span> <span class='ocrx_word' id='word_1_223' title='bbox 971 2517 1213 2582; x_wconf 88' lang='lat' dir='ltr'>coruscationi-</span> 
     </span>
     <span class='ocr_line' id='line_1_28' title="bbox 63 2599 1214 2697; baseline -0.003 -27"><span class='ocrx_word' id='word_1_224' title='bbox 63 2643 68 2650; x_wconf 95' lang='lat'>·</span> <span class='ocrx_word' id='word_1_225' title='bbox 101 2609 169 2670; x_wconf 90' lang='lat' dir='ltr'>bus</span> <span class='ocrx_word' id='word_1_226' title='bbox 192 2601 300 2667; x_wconf 90' lang='lat' dir='ltr'>subito</span> <span class='ocrx_word' id='word_1_227' title='bbox 314 2599 546 2677; x_wconf 87' lang='lat' dir='ltr'>nascentium,</span> <span class='ocrx_word' id='word_1_228' title='bbox 568 2601 746 2690; x_wconf 90' lang='lat' dir='ltr'>subitoque</span> <span class='ocrx_word' id='word_1_229' title='bbox 762 2601 1011 2668; x_wconf 85' lang='lat' dir='ltr'>transeuntium</span> <span class='ocrx_word' id='word_1_230' title='bbox 1027 2600 1214 2697; x_wconf 89' lang='lat' dir='ltr'>impedien-</span> 
     </span>
     <span class='ocr_line' id='line_1_29' title="bbox 103 2681 1213 2773; baseline -0.002 -20"><span class='ocrx_word' id='word_1_231' title='bbox 103 2689 219 2761; x_wconf 90' lang='lat' dir='ltr'>tibus;</span> <span class='ocrx_word' id='word_1_232' title='bbox 240 2681 511 2771; x_wconf 89' lang='lat' dir='ltr'>pauciffimorum</span> <span class='ocrx_word' id='word_1_233' title='bbox 532 2707 696 2772; x_wconf 88' lang='lat' dir='ltr'>namque,</span> <span class='ocrx_word' id='word_1_234' title='bbox 719 2685 929 2773; x_wconf 86' lang='lat' dir='ltr'>terrenisque</span> <span class='ocrx_word' id='word_1_235' title='bbox 948 2683 1213 2770; x_wconf 77' lang='lat' dir='ltr'>cogitationibus</span> 
     </span>
     <span class='ocr_line' id='line_1_30' title="bbox 102 2767 1210 2860; baseline -0.004 -24"><span class='ocrx_word' id='word_1_236' title='bbox 102 2770 243 2860; x_wconf 89' lang='lat' dir='ltr'>penitus</span> <span class='ocrx_word' id='word_1_237' title='bbox 263 2783 487 2843; x_wconf 87' lang='lat' dir='ltr'>remotorum,</span> <span class='ocrx_word' id='word_1_238' title='bbox 521 2767 647 2832; x_wconf 87' lang='lat' dir='ltr'>virtute</span> <span class='ocrx_word' id='word_1_239' title='bbox 668 2785 703 2834; x_wconf 88' lang='lat' dir='ltr'>et</span> <span class='ocrx_word' id='word_1_240' title='bbox 724 2769 863 2835; x_wconf 90' lang='lat' dir='ltr'>scientia</span> <span class='ocrx_word' id='word_1_241' title='bbox 885 2784 1123 2856; x_wconf 88' lang='lat' dir='ltr'>purgatorum,</span> <span class='ocrx_word' id='word_1_242' title='bbox 1155 2768 1210 2844; x_wconf 85' lang='lat' dir='ltr'>est,</span> 
     </span>
     <span class='ocr_line' id='line_1_31' title="bbox 106 2850 1215 2939; baseline -0.005 -19"><span class='ocrx_word' id='word_1_243' title='bbox 106 2859 209 2920; x_wconf 88' lang='lat' dir='ltr'>deum</span> <span class='ocrx_word' id='word_1_244' title='bbox 240 2852 278 2916; x_wconf 89' lang='lat' dir='ltr'>in</span> <span class='ocrx_word' id='word_1_245' title='bbox 299 2851 352 2916; x_wconf 90' lang='lat' dir='ltr'>his</span> <span class='ocrx_word' id='word_1_246' title='bbox 372 2851 557 2916; x_wconf 81' lang='lat' dir='ltr'>visibilibus</span> <span class='ocrx_word' id='word_1_247' title='bbox 578 2851 737 2916; x_wconf 88' lang='lat' dir='ltr'>creaturis</span> <span class='ocrx_word' id='word_1_248' title='bbox 761 2873 981 2939; x_wconf 90' lang='lat' dir='ltr'>cognoscere,</span> <span class='ocrx_word' id='word_1_249' title='bbox 1011 2850 1096 2916; x_wconf 85' lang='lat' dir='ltr'>ficut</span> <span class='ocrx_word' id='word_1_250' title='bbox 1115 2853 1215 2924; x_wconf 80' lang='lat' dir='ltr'>Abra·</span> 
     </span>
     <span class='ocr_line' id='line_1_32' title="bbox 106 2933 1217 3021; baseline -0.002 -19"><span class='ocrx_word' id='word_1_251' title='bbox 106 2943 188 3002; x_wconf 90' lang='lat' dir='ltr'>ham</span> <span class='ocrx_word' id='word_1_252' title='bbox 221 2958 261 3000; x_wconf 87' lang='lat' dir='ltr'>ex</span> <span class='ocrx_word' id='word_1_253' title='bbox 284 2936 500 3002; x_wconf 83' lang='lat' dir='ltr'>conversione</span> <span class='ocrx_word' id='word_1_254' title='bbox 520 2935 664 3000; x_wconf 78' lang='lat' dir='ltr'>siderum</span> <span class='ocrx_word' id='word_1_255' title='bbox 685 2936 861 3021; x_wconf 87' lang='lat' dir='ltr'>cognovit,</span> <span class='ocrx_word' id='word_1_256' title='bbox 892 2939 967 3021; x_wconf 85' lang='lat' dir='ltr'>lege</span> <span class='ocrx_word' id='word_1_257' title='bbox 988 2933 1133 2998; x_wconf 88' lang='lat' dir='ltr'>naturali</span> <span class='ocrx_word' id='word_1_258' title='bbox 1155 2937 1217 3000; x_wconf 62' lang='lat' dir='ltr'>du«</span> 
     </span>
     <span class='ocr_line' id='line_1_33' title="bbox 107 3015 1212 3106; baseline -0.005 -20"><span class='ocrx_word' id='word_1_259' title='bbox 107 3043 165 3102; x_wconf 76' lang='lat' dir='ltr'>ce,</span> <span class='ocrx_word' id='word_1_260' title='bbox 195 3019 385 3105; x_wconf 89' lang='lat' dir='ltr'>caeterique</span> <span class='ocrx_word' id='word_1_261' title='bbox 415 3017 496 3083; x_wconf 90' lang='lat' dir='ltr'>sacri</span> <span class='ocrx_word' id='word_1_262' title='bbox 526 3021 641 3083; x_wconf 89' lang='lat' dir='ltr'>Patres</span> <span class='ocrx_word' id='word_1_263' title='bbox 664 3034 741 3084; x_wconf 89' lang='lat' dir='ltr'>ante</span> <span class='ocrx_word' id='word_1_264' title='bbox 765 3023 891 3106; x_wconf 86' lang='lat' dir='ltr'>Legem</span> <span class='ocrx_word' id='word_1_265' title='bbox 912 3015 1085 3103; x_wconf 80' lang='lat' dir='ltr'>scriptam,</span> <span class='ocrx_word' id='word_1_266' title='bbox 1120 3033 1154 3081; x_wconf 92' lang='lat' dir='ltr'>et</span> <span class='ocrx_word' id='word_1_267' title='bbox 1175 3017 1212 3082; x_wconf 90' lang='lat' dir='ltr'>in</span> 
     </span>
     <span class='ocr_line' id='line_1_34' title="bbox 106 3096 1215 3204; baseline -0.005 -34"><span class='ocrx_word' id='word_1_268' title='bbox 106 3109 200 3204; x_wconf 86' lang='lat' dir='ltr'>lege,</span> <span class='ocrx_word' id='word_1_269' title='bbox 223 3103 507 3188; x_wconf 87' lang='lat' dir='ltr'>quemadmodum</span> <span class='ocrx_word' id='word_1_270' title='bbox 529 3102 640 3166; x_wconf 89' lang='lat' dir='ltr'>Moses</span> <span class='ocrx_word' id='word_1_271' title='bbox 661 3101 698 3166; x_wconf 92' lang='lat' dir='ltr'>in</span> <span class='ocrx_word' id='word_1_272' title='bbox 720 3105 828 3178; x_wconf 91' lang='lat' dir='ltr'>nube,</span> <span class='ocrx_word' id='word_1_273' title='bbox 855 3117 890 3166; x_wconf 92' lang='lat' dir='ltr'>et</span> <span class='ocrx_word' id='word_1_274' title='bbox 909 3096 945 3164; x_wconf 91' lang='lat' dir='ltr'>in</span> <span class='ocrx_word' id='word_1_275' title='bbox 968 3097 1096 3164; x_wconf 88' lang='lat' dir='ltr'>montis</span> <span class='ocrx_word' id='word_1_276' title='bbox 1119 3121 1215 3166; x_wconf 89' lang='lat' dir='ltr'>cacu-</span> 
     </span>
     <span class='ocr_line' id='line_1_35' title="bbox 106 3183 1213 3274; baseline -0.003 -21"><span class='ocrx_word' id='word_1_277' title='bbox 106 3211 211 3254; x_wconf 78' lang='lat' dir='ltr'>mine.</span> <span class='ocrx_word' id='word_1_278' title='bbox 239 3183 385 3274; x_wconf 79' lang='lat' dir='ltr'>Apostoli</span> <span class='ocrx_word' id='word_1_279' title='bbox 407 3187 541 3249; x_wconf 87' lang='lat' dir='ltr'>demum</span> <span class='ocrx_word' id='word_1_280' title='bbox 562 3187 634 3273; x_wconf 79' lang='lat' dir='ltr'>posi</span> <span class='ocrx_word' id='word_1_281' title='bbox 656 3191 779 3272; x_wconf 85' lang='lat' dir='ltr'>Legem</span> <span class='ocrx_word' id='word_1_282' title='bbox 801 3186 860 3249; x_wconf 90' lang='lat' dir='ltr'>sub</span> <span class='ocrx_word' id='word_1_283' title='bbox 883 3184 1073 3272; x_wconf 77' lang='lat' dir='ltr'>gratianum</span> <span class='ocrx_word' id='word_1_284' title='bbox 1084 3183 1213 3250; x_wconf 82' lang='lat' dir='ltr'>Christo</span> 
     </span>
     <span class='ocr_line' id='line_1_36' title="bbox 19 3265 1261 3356; baseline -0.003 -20"><span class='ocrx_word' id='word_1_285' title='bbox 19 3281 21 3288; x_wconf 91' lang='lat'>&#39;</span> <span class='ocrx_word' id='word_1_286' title='bbox 108 3273 146 3338; x_wconf 90' lang='lat' dir='ltr'>in</span> <span class='ocrx_word' id='word_1_287' title='bbox 168 3289 302 3344; x_wconf 89' lang='lat' dir='ltr'>monte,</span> <span class='ocrx_word' id='word_1_288' title='bbox 331 3291 391 3356; x_wconf 90' lang='lat' dir='ltr'>per</span> <span class='ocrx_word' id='word_1_289' title='bbox 414 3269 554 3332; x_wconf 83' lang='lat' dir='ltr'>visibilia</span> <span class='ocrx_word' id='word_1_290' title='bbox 575 3270 723 3353; x_wconf 86' lang='lat' dir='ltr'>symbola</span> <span class='ocrx_word' id='word_1_291' title='bbox 742 3270 779 3334; x_wconf 93' lang='lat' dir='ltr'>in</span> <span class='ocrx_word' id='word_1_292' title='bbox 803 3268 918 3334; x_wconf 85' lang='lat' dir='ltr'>divina</span> <span class='ocrx_word' id='word_1_293' title='bbox 938 3265 1093 3350; x_wconf 86' lang='lat' dir='ltr'>mysteria·</span> <span class='ocrx_word' id='word_1_294' title='bbox 1110 3267 1214 3332; x_wconf 87' lang='lat' dir='ltr'>intro·</span> <span class='ocrx_word' id='word_1_295' title='bbox 1256 3328 1261 3338; x_wconf 89' lang='grc'><em>,</em></span> 
     </span>
     <span class='ocr_line' id='line_1_37' title="bbox 110 3346 1213 3450; baseline -0.005 -29"><span class='ocrx_word' id='word_1_296' title='bbox 110 3355 207 3422; x_wconf 90' lang='lat' dir='ltr'>ducti</span> <span class='ocrx_word' id='word_1_297' title='bbox 235 3357 322 3420; x_wconf 88' lang='lat' dir='ltr'>suut.</span> <span class='ocrx_word' id='word_1_298' title='bbox 377 3352 584 3443; x_wconf 79' lang='lat' dir='ltr'>Vestimenta</span> <span class='ocrx_word' id='word_1_299' title='bbox 611 3353 702 3418; x_wconf 90' lang='lat' dir='ltr'>enim</span> <span class='ocrx_word' id='word_1_300' title='bbox 732 3357 801 3443; x_wconf 85' lang='lat' dir='ltr'>ejus</span> <span class='ocrx_word' id='word_1_301' title='bbox 827 3353 993 3427; x_wconf 80' lang='lat' dir='ltr'>candida,</span> <span class='ocrx_word' id='word_1_302' title='bbox 1017 3346 1113 3450; x_wconf 75' lang='lat' dir='ltr'>ficut</span> <span class='ocrx_word' id='word_1_303' title='bbox 1142 3355 1213 3430; x_wconf 73' lang='lat' dir='ltr'>nie,</span> 
     </span>
     <span class='ocr_line' id='line_1_38' title="bbox 108 3435 1213 3524; baseline -0.004 -20"><span class='ocrx_word' id='word_1_304' title='bbox 108 3438 272 3504; x_wconf 77' lang='lat' dir='ltr'>visibilem</span> <span class='ocrx_word' id='word_1_305' title='bbox 305 3451 489 3500; x_wconf 65' lang='lat' dir='ltr'>creterram</span> <span class='ocrx_word' id='word_1_306' title='bbox 519 3435 555 3500; x_wconf 92' lang='lat' dir='ltr'>in</span> <span class='ocrx_word' id='word_1_307' title='bbox 582 3457 665 3524; x_wconf 87' lang='lat' dir='ltr'>qua,</span> <span class='ocrx_word' id='word_1_308' title='bbox 701 3453 735 3501; x_wconf 90' lang='lat' dir='ltr'>et</span> <span class='ocrx_word' id='word_1_309' title='bbox 760 3459 821 3523; x_wconf 89' lang='lat' dir='ltr'>per</span> <span class='ocrx_word' id='word_1_310' title='bbox 849 3459 949 3524; x_wconf 89' lang='lat' dir='ltr'>quam</span> <span class='ocrx_word' id='word_1_311' title='bbox 978 3438 1033 3500; x_wconf 84' lang='lat' dir='ltr'>des</span> <span class='ocrx_word' id='word_1_312' title='bbox 1061 3438 1213 3512; x_wconf 87' lang='lat' dir='ltr'>verbum,</span> 
     </span>
     <span class='ocr_line' id='line_1_39' title="bbox 132 3515 1215 3608; baseline -0.004 -22"><span class='ocrx_word' id='word_1_313' title='bbox 132 3525 204 3588; x_wconf 90' lang='lat' dir='ltr'>uod</span> <span class='ocrx_word' id='word_1_314' title='bbox 223 3521 260 3584; x_wconf 93' lang='lat' dir='ltr'>in</span> <span class='ocrx_word' id='word_1_315' title='bbox 283 3515 440 3584; x_wconf 89' lang='lat' dir='ltr'>omnibus</span> <span class='ocrx_word' id='word_1_316' title='bbox 465 3520 618 3596; x_wconf 85' lang='lat' dir='ltr'>subsistit,</span> <span class='ocrx_word' id='word_1_317' title='bbox 639 3519 857 3608; x_wconf 87' lang='lat' dir='ltr'>intelligitur,</span> <span class='ocrx_word' id='word_1_318' title='bbox 880 3517 1121 3606; x_wconf 72' lang='lat' dir='ltr'>significabant„</span> <span class='ocrx_word' id='word_1_319' title='bbox 1151 3523 1215 3583; x_wconf 76' lang='lat' dir='ltr'>Au·</span> 
     </span>
     <span class='ocr_line' id='line_1_40' title="bbox 107 3545 1216 3695; baseline -0.003 -26"><span class='ocrx_word' id='word_1_320' title='bbox 107 3545 148 3670; x_wconf 74' lang='lat' dir='ltr'>di</span> <span class='ocrx_word' id='word_1_321' title='bbox 172 3604 363 3691; x_wconf 78' lang='lat' dir='ltr'>Apostolum</span> <span class='ocrx_word' id='word_1_322' title='bbox 385 3603 556 3670; x_wconf 89' lang='lat' dir='ltr'>dicentem</span> <span class='ocrx_word' id='word_1_323' title='bbox 578 3601 757 3695; x_wconf 83' lang='lat' dir='ltr'>invifibslr&#39;a</span> <span class='ocrx_word' id='word_1_324' title='bbox 778 3607 846 3693; x_wconf 82' lang='lat' dir='ltr'>ejus</span> <span class='ocrx_word' id='word_1_325' title='bbox 866 3607 1073 3668; x_wconf 70' lang='lat' dir='ltr'>screatione</span> <span class='ocrx_word' id='word_1_326' title='bbox 1093 3605 1216 3676; x_wconf 75' lang='lat' dir='ltr'>intrudi,</span> 
     </span>
     <span class='ocr_line' id='line_1_41' title="bbox 107 3677 1218 3786; baseline -0.004 -34"><span class='ocrx_word' id='word_1_327' title='bbox 107 3711 171 3772; x_wconf 86' lang='lat' dir='ltr'>per</span> <span class='ocrx_word' id='word_1_328' title='bbox 190 3712 231 3752; x_wconf 84' lang='lat' dir='ltr'>ea</span> <span class='ocrx_word' id='word_1_329' title='bbox 251 3710 336 3772; x_wconf 82' lang='lat' dir='ltr'>quoe</span> <span class='ocrx_word' id='word_1_330' title='bbox 349 3677 568 3780; x_wconf 80' lang='lat' dir='ltr'>factasunt,</span> <span class='ocrx_word' id='word_1_331' title='bbox 589 3689 757 3753; x_wconf 78' lang='lat' dir='ltr'>intellecta</span> <span class='ocrx_word' id='word_1_332' title='bbox 773 3680 1024 3779; x_wconf 81' lang='lat' dir='ltr'>conspiciuntur,</span> <span class='ocrx_word' id='word_1_333' title='bbox 1041 3679 1218 3786; x_wconf 79' lang='lat' dir='ltr'>sempiter-</span> 
     </span>
     <span class='ocr_line' id='line_1_42' title="bbox 106 3768 1215 3870; baseline -0.004 -32"><span class='ocrx_word' id='word_1_334' title='bbox 106 3795 154 3838; x_wconf 84' lang='lat' dir='ltr'>na</span> <span class='ocrx_word' id='word_1_335' title='bbox 179 3795 303 3860; x_wconf 79' lang='lat' dir='ltr'>quoque</span> <span class='ocrx_word' id='word_1_336' title='bbox 332 3775 403 3862; x_wconf 77' lang='lat' dir='ltr'>ejus</span> <span class='ocrx_word' id='word_1_337' title='bbox 428 3776 539 3837; x_wconf 80' lang='lat' dir='ltr'>virtus</span> <span class='ocrx_word' id='word_1_338' title='bbox 569 3786 603 3836; x_wconf 84' lang='lat' dir='ltr'>et</span> <span class='ocrx_word' id='word_1_339' title='bbox 629 3776 821 3856; x_wconf 67' lang='lat' dir='ltr'>aeternitas.</span> <span class='ocrx_word' id='word_1_340' title='bbox 862 3776 905 3836; x_wconf 92' lang='lat' dir='ltr'>D.</span> <span class='ocrx_word' id='word_1_341' title='bbox 961 3768 1215 3870; x_wconf 85' lang='lat' dir='ltr'>usdrspartitam</span> 
     </span>
     <span class='ocr_line' id='line_1_43' title="bbox 107 3855 1289 3929; baseline -0.005 -6"><span class='ocrx_word' id='word_1_342' title='bbox 107 3855 476 3928; x_wconf 67' lang='lat' dir='ltr'>naturaemniversalis</span> <span class='ocrx_word' id='word_1_343' title='bbox 505 3855 704 3922; x_wconf 84' lang='lat' dir='ltr'>divisionem</span> <span class='ocrx_word' id='word_1_344' title='bbox 724 3877 819 3921; x_wconf 87' lang='lat' dir='ltr'>nunc</span> <span class='ocrx_word' id='word_1_345' title='bbox 838 3855 916 3922; x_wconf 87' lang='lat' dir='ltr'>clar‘</span> <span class='ocrx_word' id='word_1_346' title='bbox 992 3857 1149 3929; x_wconf 85' lang='lat' dir='ltr'>avrdeo,</span> <span class='ocrx_word' id='word_1_347' title='bbox 1167 3857 1217 3918; x_wconf 89' lang='lat' dir='ltr'>&#39;et</span> <span class='ocrx_word' id='word_1_348' title='bbox 1277 3889 1289 3902; x_wconf 85' lang='lat'><em>·</em></span> 
     </span>
     <span class='ocr_line' id='line_1_44' title="bbox 109 3937 1217 4023; baseline -0.005 -16"><span class='ocrx_word' id='word_1_349' title='bbox 109 3943 155 4008; x_wconf 88' lang='lat' dir='ltr'>de</span> <span class='ocrx_word' id='word_1_350' title='bbox 182 3945 274 4018; x_wconf 88' lang='lat' dir='ltr'>Deo,</span> <span class='ocrx_word' id='word_1_351' title='bbox 303 3954 338 4004; x_wconf 89' lang='lat' dir='ltr'>et</span> <span class='ocrx_word' id='word_1_352' title='bbox 363 3937 401 4004; x_wconf 90' lang='lat' dir='ltr'>in</span> <span class='ocrx_word' id='word_1_353' title='bbox 422 3941 497 4005; x_wconf 90' lang='lat' dir='ltr'>Deo</span> <span class='ocrx_word' id='word_1_354' title='bbox 519 3941 582 4004; x_wconf 79' lang='lat' dir='ltr'>esse</span> <span class='ocrx_word' id='word_1_355' title='bbox 602 3939 837 4008; x_wconf 87' lang='lat' dir='ltr'>indubitanter</span> <span class='ocrx_word' id='word_1_356' title='bbox 856 3938 965 4005; x_wconf 90' lang='lat' dir='ltr'>intelli</span> <span class='ocrx_word' id='word_1_357' title='bbox 991 3941 1117 4004; x_wconf 89' lang='lat' dir='ltr'>endum</span> <span class='ocrx_word' id='word_1_358' title='bbox 1139 3959 1217 4023; x_wconf 89' lang='lat' dir='ltr'>cog·</span> 
     </span>
     <span class='ocr_line' id='line_1_45' title="bbox 108 3961 1217 4112; baseline -0.008 -21"><span class='ocrx_word' id='word_1_359' title='bbox 108 4043 236 4109; x_wconf 86' lang='lat' dir='ltr'>nosco;</span> <span class='ocrx_word' id='word_1_360' title='bbox 265 4023 410 4110; x_wconf 88' lang='lat' dir='ltr'>proinde</span> <span class='ocrx_word' id='word_1_361' title='bbox 431 4023 528 4090; x_wconf 83' lang='lat' dir='ltr'>finita</span> <span class='ocrx_word' id='word_1_362' title='bbox 549 4027 613 4089; x_wconf 88' lang='lat' dir='ltr'>hac</span> <span class='ocrx_word' id='word_1_363' title='bbox 633 4023 805 4112; x_wconf 82' lang='lat' dir='ltr'>questione</span> <span class='ocrx_word' id='word_1_364' title='bbox 827 4025 869 4088; x_wconf 90' lang='lat' dir='ltr'>de</span> <span class='ocrx_word' id='word_1_365' title='bbox 889 3961 1015 4098; x_wconf 60' lang='lat' dir='ltr'>nihifo’,</span> <span class='ocrx_word' id='word_1_366' title='bbox 1039 4037 1072 4086; x_wconf 91' lang='lat' dir='ltr'>et</span> <span class='ocrx_word' id='word_1_367' title='bbox 1093 4023 1135 4085; x_wconf 91' lang='lat' dir='ltr'>ad</span> <span class='ocrx_word' id='word_1_368' title='bbox 1155 4041 1217 4106; x_wconf 90' lang='lat' dir='ltr'>pu·</span> 
     </span>
     <span class='ocr_line' id='line_1_46' title="bbox 108 4103 1217 4194; baseline -0.007 -20"><span class='ocrx_word' id='word_1_369' title='bbox 108 4131 207 4184; x_wconf 83' lang='lat' dir='ltr'>rum,</span> <span class='ocrx_word' id='word_1_370' title='bbox 255 4123 296 4177; x_wconf 89' lang='lat' dir='ltr'>ut</span> <span class='ocrx_word' id='word_1_371' title='bbox 323 4106 462 4194; x_wconf 88' lang='lat' dir='ltr'>opinor,</span> <span class='ocrx_word' id='word_1_372' title='bbox 499 4109 661 4184; x_wconf 89' lang='lat' dir='ltr'>deducta,</span> <span class='ocrx_word' id='word_1_373' title='bbox 696 4110 740 4173; x_wconf 87' lang='lat' dir='ltr'>ad</span> <span class='ocrx_word' id='word_1_374' title='bbox 767 4103 1068 4187; x_wconf 80' lang='lat' dir='ltr'>considerationem</span> <span class='ocrx_word' id='word_1_375' title='bbox 1099 4103 1217 4180; x_wconf 86' lang='lat' dir='ltr'>tertiae</span> 
     </span>
     <span class='ocr_line' id='line_1_47' title="bbox 108 4185 1247 4280; baseline -0.007 -20"><span class='ocrx_word' id='word_1_376' title='bbox 108 4191 217 4277; x_wconf 84' lang='lat' dir='ltr'>partis</span> <span class='ocrx_word' id='word_1_377' title='bbox 242 4187 605 4270; x_wconf 83' lang='lat' dir='ltr'>universaenaturae,</span> <span class='ocrx_word' id='word_1_378' title='bbox 636 4195 680 4258; x_wconf 86' lang='lat' dir='ltr'>de</span> <span class='ocrx_word' id='word_1_379' title='bbox 708 4212 774 4280; x_wconf 85' lang='lat' dir='ltr'>qua</span> <span class='ocrx_word' id='word_1_380' title='bbox 801 4189 1015 4280; x_wconf 81' lang='lat' dir='ltr'>praedicatur</span> <span class='ocrx_word' id='word_1_381' title='bbox 1043 4185 1148 4254; x_wconf 90' lang='lat' dir='ltr'>creari</span> <span class='ocrx_word' id='word_1_382' title='bbox 1168 4185 1216 4252; x_wconf 91' lang='lat' dir='ltr'>so·</span> <span class='ocrx_word' id='word_1_383' title='bbox 1243 4244 1247 4262; x_wconf 84' lang='grc'><strong>,</strong></span> 
     </span>
    </p>

    <p class='ocr_par' dir='ltr' id='par_1_7' title="bbox 257 4289 1120 4316">
     <span class='ocr_line' id='line_1_48' title="bbox 257 4289 1120 4316; baseline -0.001 -15"><span class='ocrx_word' id='word_1_384' title='bbox 257 4289 263 4316; x_wconf 86' lang='grc'><strong><em>,</em></strong></span> <span class='ocrx_word' id='word_1_385' title='bbox 1116 4295 1120 4300; x_wconf 87' lang='grc'>.</span> 
     </span>
    </p>
   </div>
   <div class='ocr_carea' id='block_1_6' title="bbox 0 0 1530 4856">
    <p class='ocr_par' dir='ltr' id='par_1_8' title="bbox 0 0 1530 4856">
     <span class='ocr_line' id='line_1_49' title="bbox 0 0 1530 4856; baseline 0 0"><span class='ocrx_word' id='word_1_386' title='bbox 0 0 1530 4856; x_wconf 95' lang='lat' dir='ltr'> </span> 
     </span>
    </p>
   </div>
  </div>
 </body>
</html>
