2890 4820
306 383 398 440 XXVl

306 541 350 608 tia
370 541 543 630 perversae
563 556 694 608 motum
714 539 855 628 punire,
871 563 983 692 ¹ganam
1002 543 1307 634 naquatfrnffietur
1320 558 1360 612 et
1372 561 1433 624 tae

305 649 387 694 men
405 649 424 692 a
444 625 531 692 mala
551 627 726 718 voluntate
744 647 817 692 non
839 647 878 692 ce
903 643 948 692 et.
968 624 1013 710 l⁹)
1070 629 1248 696 Caeterum
1268 630 1427 716 Erigena

305 714 403 776 etde
425 707 596 796 superbia,
619 729 719 796 quam
735 725 838 796 capnt
851 709 961 778 omnia
971 711 1122 778 malitiae
1134 729 1254 788 vocat,
1276 729 1315 777 et
1355 735 1426 777 rae·

305 793 419 864 settim
450 793 487 856 in
514 792 672 858 Lucifero
705 793 901 869 detestatur,
932 808 967 860 ct
994 797 1045 863 de.
1066 795 1146 862 fallo
1167 735 1426 884 libidinoidque

304 875 493 944 voluntatia
525 889 743 964 metuatque
765 876 906 943 carnalia
928 881 1069 966 copulae
1091 875 1265 980 appetitu,
1325 881 1365 944 ni
1388 882 1424 944 in

305 964 433 1028 adamo
469 959 553 1034 fnit,
589 973 623 1022 et
644 961 686 1024 dc
706 959 983 1048 concupiscentia
1005 965 1167 1048 [arpenna
1189 963 1288 1028 instar
1347 987 1424 1028 vam

305 1045 329 1110 i.
354 1067 383 1109 e.
406 1044 535 1108 senium
558 1041 745 1132 (eleanan)
780 1044 916 1110 etdein
938 1064 999 1132 per
1017 1047 1228 1114 banc-etiam
1251 1050 1424 1112 Adamum

305 1128 329 1192 i.
352 1149 381 1192 e.
399 1127 614 1192 intellectum
637 1125 744 1206 (νοῦν)
766 1127 935 1194 alliciente
957 1130 1209 1204 et'iedncente,
1233 1126 1270 1208 ⁵⁰)
1291 1131 1424 1196 uberri-

305 1234 360 1276 me
384 1223 511 1276 tractat.
568 1211 765 1296 snperbiam
787 1227 822 1275 et
841 1209 1019 1278 libidinem
1041 1213 1223 1278 maximam·
1242 1213 1421 1277 stultitiam

287 1309 424 1367 .vocat,
461 1315 572 1380 neque
601 1296 721 1369 verba,
754 1293 877 1392 quibua
906 1294 1007 1382 primi
1036 1313 1191 1384 parentas
1219 1297 1290 1382 poli
1314 1313 1420 1360 trana·

198 1411 200 1424 =
331 1377 504 1442 reffionam
524 1376 676 1442 mandati
698 1376 808 1442 divini
830 1378 897 1462 felc
919 1399 1029 1444 coram
1051 1379 1163 1459 indice
1186 1381 1346 1446 excusare
1362 1381 1420 1442 llu-

189 1455 199 1480 ‘'
307 1401 410 1535 dent,
432 1463 502 1526 ullo
525 1463 627 1526 modo
651 1463 781 1548 probat.
809 1463 866 1525 Ex'
881 1461 1037 1548 originali
1060 1479 1170 1550 antem
1191 1479 1337 1561 peccato
1350 1483 1420 1526 non

306 1545 414 1610 folum
447 1544 651 1630 profundam
689 1543 819 1610 derivat
844 1566 957 1610 rernm
979 1544 1170 1614 divinarum
1190 1546 1421 1632 ignorantiam

307 1643 342 1694 et
362 1629 482 1698 malam
503 1627 627 1692 mentia
650 1627 979 1715 concupiscentiam,
1002 1646 1144 1696 mortem
1163 1645 1197 1696 et
1208 1645 1342 1694 caetera
1354 1649 1419 1692 rna·

306 1713 359 1785 la,
381 1733 498 1776 rernm
522 1710 622 1776 etiarn
645 1731 765 1796 corpus
786 1711 935 1776 hominia
955 1711 1149 1788 materiale,
1194 1717 1263 1778 nod
1284 1714 1349 1776 sub
1374 1729 1422 1774 tn·

307 1791 396 1860 nicia
415 1793 585 1882 pelliccia,
610 1815 690 1881 quaa
712 1797 805 1859 Deua
826 1793 944 1880 primia
964 1796 1160 1882 parentibus
1172 1735 1281 1869 iecit,
1320 1791 1420 1860 innui

307 1893 425 1964 putat;
448 1879 553 1944 immo
575 1893 610 1942 et
629 1879 794 1942 [canalem
815 1876 955 1942 maacnli
978 1894 1013 1944 et
1034 1878 1182 1944 feminae
1193 1878 1418 1944 differentiam

308 1977 343 2025 et
372 1959 585 2036 divihonem,
620 1962 715 2026 filnul
747 1981 824 2026 cum
847 1959 979 2046 generia
1001 1962 1143 2029 humani
1162 1961 1416 2048 propagatione,

307 2061 350 2108 nt
368 2067 463 2112 nnnc
481 2045 540 2120 all,
565 2043 718 2119 animali,
740 2057 774 2108 et
793 2042 933 2110 homine
953 2041 1026 2108 indi
1077 2065 1112 2120 a,
1135 2044 1275 2131 quaein
1302 2046 1416 2110 futuro

307 2129 439 2194 [arculo
467 2128 621 2202 cellabit,
655 2129 790 2214 qua'ndo
823 2127 857 2192 in
881 2125 1061 2192 universai
1079 2149 1192 2192 rernm
1213 2127 1330 2194 reditu
1352 2149 1417 2192 om·

305 2211 531 2278 nia=rnrteria
561 2209 668 2274 veluti
699 2211 839 2276 foenum
868 2207 904 2274 in
928 2211 1060 2276 flamma
1081 2209 1228 2283 ardebit,
1258 2225 1416 2295 toruaque

208 2297 212 2312 '
307 2297 366 2360 hio
385 2299 533 2361 mnndua
555 2290 749 2359 destruetur.
785 2327 828 2339 ·-
849 2293 1008 2378 Denique
1028 2296 1069 2358 dc
1089 2292 1263 2391 suppliciis
1284 2297 1416 2358 damna·

308 2393 441 2452 torum,
465 2375 617 2464 quamvis
640 2379 730 2520 apud
748 2374 927 2460 Erigenam
951 2375 1064 2460 paffim
1086 2375 1348 2463 lignrficationea
1370 2397 1414 2438 re·

306 2460 504 2549 pariantur,
524 2460 636 2546 qnalea
673 2473 754 2522 unta
776 2471 935 2533 „aeterna
955 2460 1014 2544 lup
1040 2459 1139 2534 licia,
1162 2475 1318 2524 aeternae
1340 2479 1414 2545 poe·

307 2565 388 2620 nac,
412 2559 546 2608 aeterna
570 2539 764 2616 damnatio,
787 2483 1057 2626 inextinguibiiia
1077 2544 1230 2617 flamma,
1253 2541 1414 2608 irrevoca-

306 2627 375 2694 bile
393 2626 560 2706 judicium
578 2623 676 2699 Dei”,
702 2619 744 2700 ⁵¹)
766 2638 800 2687 ct
826 2643 910 2708 qnae
933 2629 1010 2704 ejua'
1025 2626 1102 2690 lunt
1123 2625 1288 2713 granerio,¹
1303 2642 1412 2690 tamen

306 2707 422 2778 multia
445 2709 518 2774 aliia
538 2707 622 2774 locia
643 2705 807 2771 sententia
830 2707 1017 2784 contraria,
1040 2723 1125 2794 qaae
1147 2709 1274 2774 scilicet
1291 2706 1413 2795 snppli-

307 2795 439 2860 ciorum
460 2791 692 2858 aeternitatem
715 2788 883 2866 destruit,
899 2793 939 2854 ab
962 2794 1081 2858 eodem
1101 2814 1162 2879 pro
1189 2791 1248 2858 oni
1268 2791 1412 2858 videtur.

306 2877 403 2944 Dicit
424 2875 515 2942 enim
536 2875 709 2940 nerninem
731 2896 750 2938 a
771 2876 846 2940 Deo
869 2873 994 2960 privari
1015 2815 1224 2952 naturalibus
1246 2876 1313 2940 live
1336 2895 1411 2940 con·

307 2960 426 3028 creatio
456 2958 574 3036 bonia,
601 2955 644 3035 9²)
679 2973 712 3022 et
742 2961 916 3024 damnator
938 2973 1089 3045 tempore
1109 2958 1361 3025 resurrectionis
1382 2969 1413 3018 et

306 3043 551 3110 restaurationia
572 3041 786 3118 universalia,
809 3039 870 3106 nbi
892 3039 1002 3108 omnia
1022 3041 1149 3107 malitia
1163 3057 1293 3127 pereat,
1316 3041 1411 3108 inno·

306 3145 421 3194 vatum
444 3129 609 3192 mundum
630 3127 723 3190 nulla
744 3125 876 3211 prorsus
899 3126 1016 3190 umbra
1037 3147 1103 3191 nec
1115 3127 1186 3190 ullo
1204 3125 1411 3213 discrepante

306 3227 477 3278 concentu
506 3209 777 3283 difformatnroa,
814 3205 918 3273 immo
948 3231 1009 3295 per
1037 3209 1278 3294 theophaniam
1332 3228 1410 3272 nan·

307 3299 402 3371 dam,
427 3292 584 3380 'quamvia
618 3314 637 3355 a
664 3291 792 3358 villone
818 3291 972 3356 beatifica
991 3292 1152 3370 jutorum
1174 3294 1283 3358 multo
1307 3231 1410 3358 diver·

305 3379 392 3452 lam,
424 3381 554 3449 Deum,
584 3390 667 3439 tunc
688 3375 802 3440 omnia
822 3373 859 3436 in
882 3373 1039 3440 omnihus
1063 3391 1298 3463 apparentem,
1325 3372 1410 3438 visn-

305 3483 360 3527 roa
382 3461 463 3536 effe3
500 3457 640 3548 gloriam
663 3479 743 3522 vero
766 3472 801 3522 et
820 3456 959 3546 gratiani
982 3457 1206 3524 deificationis
1228 3459 1408 3523 electorum

303 3545 481 3627 justorum,
514 3563 699 3627 eorumque
731 3539 977 3608 beatitudinem
997 3545 1158 3628 reprobos
1178 3542 1216 3606 in
1238 3556 1406 3607 aeternum

304 3650 377 3694 non
404 3625 672 3714 participaturos.
717 3623 811 3708 Quin
839 3624 940 3689 etiam
962 3625 1034 3690 aliia
1056 3627 1139 3692 locia
1161 3625 1318 3702 affirmat,
1353 3639 1407 3686 eoa

304 3711 377 3800 poll
405 3725 547 3776 mortem
577 3707 673 3774 vania
693 3729 825 3780 rernm,
861 3709 981 3794 quibua
1004 3709 1105 3774 etiam
1125 3709 1163 3774 in
1183 3711 1248 3775 hac
1267 3710 1338 3774 vita
1360 3705 1405 3768 in·

305 3795 420 3883 quiete
446 3809 480 3859 et
502 3789 734 3858 insatiabiliter
753 3787 923 3856 inhiantes
945 3792 1274 3880 circumagebantur,
1306 3795 1406 3878 phan·

338 4029 384 4094 aa)
410 4028 450 4082 Cl.
469 4028 570 4118 ¹bb·„v·
588 4047 616 4099 p.
635 4029 695 4087 513·
721 4028 832 4100 ,duplic
849 4031 928 4084 rero''
947 4037 999 4086 etc.
1026 4039 1056 4086 et
1073 4051 1102 4105 p.
1118 4033 1179 4092 531·
1205 4025 1406 4098 „conannavi-
1432 4079 1433 4082 ,

219 4123 221 4128 ’
337 4113 528 4228 aoidrfiiii
546 4105 638 4225 itic'n
654 4151 730 4222 altat.
987 4185 990 4192 ·
1151 4143 1157 4158 ’

338 4239 384 4300 bl)
403 4235 445 4290 Cf·
466 4235 565 4290 nnv.
585 4235 898 4308 p.505.1bta„p.510.
917 4235 1176 4299 5511111111558.

337 4307 384 4372 52)
404 4305 444 4359 cl.
463 4307 513 4364 lib.
531 4306 562 4362 ll·
583 4323 608 4374 p⁴
626 4305 687 4364 blo.
708 4304 776 4362 ibid.
794 4323 822 4378 p.
833 4308 897 4365 ’5311
917 4313 946 4362 at
961 4305 1020 4365 bib
