2866 4822
296 271 376 342 494
632 273 684 343 lle
705 275 885 345 themana
899 271 1078 347 Nostrae.

293 452 359 524 na'e
386 433 526 522 narone
552 471 762 549 acceptorem
794 473 831 526 et
848 459 1045 528 salvatorem
1065 480 1138 526 noa
1160 457 1267 526 to'tam'
1287 459 1297 479 ⁹
1321 463 1378 534 lan,

294 543 350 606 sed
383 543 715 640 quantulamcunque
744 557 874 628 partem
914 547 985 624 eiua
1015 539 1175 632 accepisse
1205 559 1240 609 et
1262 543 1379 619 lavalle.
1407 579 1408 612 t

224 691 227 705 ,
293 627 386 714 quod
407 629 542 690 credere
564 623 750 712 supertoree
771 625 918 692 rationea
938 627 1099 694 refutant.
1144 629 1188 692 D.
1210 631 1282 692 Iam
1301 629 1381 692 video
1407 629 1408 634 ’

294 707 447 794 undique
472 727 528 772 mo
556 723 692 795 captum
720 709 914 798 nullamque
947 711 1115 776 rationem
1141 711 1306 798 reperire,
1352 733 1381 774 m

259 867 262 875 ¹
292 789 412 878 possum
440 791 579 855 astruere
608 790 771 856 malitiam
799 809 1011 882 mortemque
1039 816 1078 860 ac
1097 792 1265 860 miseriam
1285 793 1319 859 in
1334 735 1380 858 b·

195 873 202 889 “
294 873 456 938 munitate
486 889 545 939 aut
573 873 609 938 in
645 889 716 940 tota
738 876 853 942 autin
876 875 985 966 aliqua
1007 893 1101 964 parte
1123 879 1382 958 eiuadotuinatu·

295 977 365 1022 ram
385 953 619 1045 perpetuoque
629 948 901 1057 permansuram
924 981 1029 1048 quum
1047 960 1084 1026 in
1099 963 1204 1026 verbo
1215 961 1292 1037 Dei,
1312 963 1380 1048 quod

295 1061 368 1105 eam
390 1047 497 1106 totam
518 1040 555 1104 in
577 1055 709 1106 unitate
732 1043 808 1107 suae
829 1043 1027 1110 substantiae
1049 1043 1214 1132 suscepit,
1239 1045 1381 1110 universo

293 1123 371 1200 liter
403 1140 437 1189 et
466 1127 616 1190 redemta
639 1141 672 1189 et
691 1125 831 1192 liberata
853 1127 914 1192 elit
949 1149 988 1192 ac
1035 1149 1071 1192 er
1089 1129 1156 1193 hoc
1174 1145 1287 1194 rectae
1306 1127 1380 1192 ratio

295 1205 477 1275 uitiationis
507 1207 634 1282 virtute
654 1210 846 1298 superatur,
880 1231 984 1298 cogor
1004 1151 1101 1275 lbteri
1123 1225 1228 1276 totam
1251 1210 1379 1276 humaui·

226 1291 233 1318 ⁸
295 1305 401 1356 tatem
432 1290 468 1355 in
501 1291 658 1376 omuibqa
681 1301 753 1358 eam
775 1292 1056 1382 participantibus
1077 1293 1302 1371 liberandam,
1331 1315 1380 1358 om·

293 1373 462 1462 tribuoque
494 1373 644 1440 malitiae
680 1375 827 1442 vinculis
849 1379 1034 1465 mortisque
1058 1393 1158 1477 atque
1177 1377 1326 1443 miseriae
1343 1379 1379 1439 ab
1407 1437 1408 1440 ,

294 1459 502 1524 solvendamt
525 1463 660 1546 quando
683 1460 719 1524 in
743 1461 815 1526 suaa
837 1463 970 1535 causae.
999 1481 1084 1548 quae
1104 1485 1141 1526 tn
1162 1461 1231 1526 suo·
1245 1463 1379 1526 salvatore

294 1541 482 1616 subsiliunt,
505 1544 676 1607 reversura
698 1543 751 1606 est.
794 1545 913 1610 Adhuc
936 1560 1047 1610 tamen
1061 1543 1240 1621 delibato,
1271 1546 1377 1610 securut
1407 1563 1408 1586 ¹

291 1629 358 1705 jam
389 1628 432 1690 de
459 1623 670 1690 humanitate
702 1627 830 1705 sactus,
859 1644 974 1692 utrum
995 1627 1229 1693 universaliter
1250 1627 1285 1693 in
1306 1625 1377 1693 omni

292 1723 441 1773 creatura
471 1707 598 1774 malitia
626 1709 831 1784 abolebitur,
864 1731 905 1774 an
928 1711 965 1776 in
988 1712 1056 1776 sola
1078 1711 1299 1776 humanitate.
1335 1712 1377 1774 ie
1407 1737 1408 1782 r

292 1790 386 1856 slimo
416 1813 562 1876 namque
593 1789 778 1856 diabolicos
812 1793 942 1859 animoa
974 1817 1149 1880 nunquam
1176 1793 1305 1860 malitia
1329 1813 1377 1857 on·
1407 1801 1408 1822 ¹

291 1873 461 1962 nibuaque
493 1893 567 1948 eam
599 1875 881 1962 consequentibus
915 1876 1088 1943 carituros.
1131 1879 1179 1943 dc
1199 1901 1262 1966 per
1281 1873 1378 1942 hocli·

292 1971 347 2024 cet
377 1956 414 2020 in
449 1957 518 2021 sola
538 1959 748 2022 humanitate
770 1962 861 2024 dono
885 1959 1022 2025 divinae
1044 1959 1169 2046 gratiae
1190 1958 1376 2046 naturalique

291 2040 675 2128 virtutescooperatrice
705 2041 834 2106 malitia
863 2043 1000 2128 penitus
1031 2045 1226 2132 aboleatur3
1256 2043 1292 2108 in
1317 2045 1378 2104 Dae
1407 2049 1408 2092 t

292 2143 433 2190 monum
462 2139 574 2188 tamen
609 2141 729 2190 natura
750 2127 819 2190 fine
840 2125 908 2189 fine
929 2126 1213 2212 perseveraturam
1260 2141 1329 2200 uto,
1354 2135 1376 2184 tt

289 2207 327 2273 in
359 2205 449 2296 ipsoa
482 2207 618 2272 divitiae
646 2207 793 2274 bonitati
824 2224 1002 2272 coaeterna
1034 2208 1108 2273 erit.
1160 2211 1210 2274 M.
1274 2211 1375 2273 onduu

181 2337 188 2347 .
290 2293 377 2357 clare
398 2289 575 2378 perspicia,
598 2307 638 2355 ut
659 2290 801 2390 opinor,
824 2291 935 2355 Deum
955 2293 1084 2356 nullam
1101 2307 1286 2357 creaturam
1299 2309 1374 2378 quam

292 2373 392 2448 fecit,
414 2373 555 2460 punire,
578 2395 643 2438 nec
664 2395 701 2438 an
725 2378 872 2438 humana
894 2395 959 2438 nec
980 2373 1017 2438 in
1033 2373 1375 2442 Daemonumsuhllan·

291 2457 361 2534 tia3
384 2455 440 2520 led
461 2458 553 2542 quod
573 2477 643 2520 non
666 2455 764 2530 fecit,
786 2454 824 2519 in
847 2457 1005 2522 omnibus
1024 2457 1145 2545 punit,
1168 2461 1238 2524 hoc
1262 2458 1302 2522 ett
1318 2455 1375 2519 irra-

290 2537 469 2606 tionabiles
489 2539 661 2626 perversae
681 2537 868 2604 voluntatis
889 2556 1013 2604 mutua.
1056 2543 1104 2605 Ac
1124 2561 1168 2605 ne
1190 2545 1234 2607 de
1250 2538 1372 2631 hoediq·

289 2623 357 2690 tine
385 2623 540 2697 haefitea;
573 2621 652 2687 audi
673 2625 810 2687 beatum
831 2623 1051 2710 Augustinum
1083 2623 1121 2686 in
1150 2624 1326 2690 undecimo
1347 2619 1373 2681 lt·

289 2710 352 2773 hro
373 2704 571 2771 Hexaemeri
594 2705 643 2769 sui
667 2703 854 2780 dicentem,
895 2710 1077 2773 denatura
1097 2709 1307 2773 Daemonum
1326 2721 1374 2766 nt·

289 2789 430 2938 litiaque
457 2790 651 2875 disputante
684 2787 895 2864 „Nonnulli,
926 2793 1049 2872 inquit,
1087 2811 1183 2866 eum,
1222 2787 1374 2880 Diaboluft
1407 2855 1408 2866 p

290 2877 370 2940 vide
383 2877 465 2947 ieet,
486 2895 558 2937 non
582 2871 617 2936 in
640 2875 730 2938 hanc
750 2871 913 2938 malitiam
934 2874 1040 2937 libero
1063 2870 1374 2956 voluntatieorum

292 2959 355 3024 effe
378 2959 559 3033 deflexum,
583 2954 696 3020 sedin
718 2959 781 3021 hac
802 2955 943 3023 omniuo
960 2969 1260 3042 creatumputant,
1285 2971 1374 3042 quam·

236 3075 239 3084 ·
291 3041 343 3106 vie
374 3061 391 3105 a
420 3041 570 3106 Domino
605 3043 679 3104 Deo
712 3039 842 3104 summo
875 3053 1009 3104 atvero
1031 3056 1225 3107 naturarum
1248 3035 1374 3105 omnium

231 3173 238 3182 .
293 3137 459 3190 creatore:
483 3123 712 3210 adhibentque
733 3121 959 3187 testimonium
983 3125 1024 3186 de
1036 3123 1122 3188 libro
1137 3126 1217 3201 lob,
1241 3119 1375 3211 quoniam
1407 3161 1408 3184 r

293 3207 342 3272 ibi
366 3207 526 3294 scriptum
548 3205 610 3281 eu,
632 3227 711 3271 cum
728 3209 776 3271 'de
796 3201 856 3270 illo
878 3206 984 3272 sermo
1000 3207 1094 3271 elicta
1115 3209 1193 3272 Hoc
1209 3208 1252 3272 eli
1262 3202 1374 3270 initium

296 3289 451 3378 figmenti
474 3287 633 3364 Domini,
658 3291 749 3376 quod
771 3287 853 3352 fecit
873 3303 913 3352 ut
932 3289 1094 3353 illudatur
1115 3294 1155 3355 ab
1172 3289 1297 3378 angelis
1313 3289 1373 3365 ejut·

291 3375 358 3440 Cui
393 3372 578 3439 sententiae
611 3371 769 3458 congruit
797 3373 888 3458 quod
918 3371 954 3436 in
982 3373 1112 3438 Psalmo
1141 3371 1298 3461 scriptum
1327 3365 1374 3460 ‘b‘

290 3461 402 3521 Draco
424 3455 481 3538 hie
503 3475 602 3556 quem
626 3453 746 3519 finxisti
768 3457 809 3518 ad
824 3453 1043 3520 illudendum
1066 3455 1115 3521 ei:
1148 3457 1210 3521 nist
1232 3455 1317 3544 quod
1334 3451 1374 3512 11¹⁶

289 3561 390 3689 quem
410 3537 531 3638 stpxillr
556 3535 657 3638 diuite
680 3559 751 3602 non
774 3537 1061 3636 autemsqautibi
1075 3541 1175 3638 ,hoc
1197 3533 1374 3640 esi-initium

288 3623 1151 3782 miiffliidil'r‚²2¹{qieiiciriii⁰a?iss¹ldii
1168 3623 1322 3772 ltili
1339 3623 1374 3760 df
1407 3671 1408 3686 ¹

287 3789 356 3890 iet,
370 3807 461 3888 'non
484 3791 666 3876 voluntate
699 3789 919 3935 depravatae,
951 3787 1009 3888 sed
1042 3788 1091 3854 ita
1122 3806 1262 3890 creatur.
1301 3785 1373 3924 slep?

287 3875 777 4022 illisollimididwini
802 3871 938 4018 iili?
959 3873 1372 4022 ttrqtstlttt’lhtt

289 4061 359 4105 non
412 4039 523 4128 ropria
554 4039 729 4104 voluntate
760 4036 800 4104 de
826 4053 979 4116 ravatue,
1013 4039 1070 4103 sed
1099 4041 1232 4128 abipso
1255 4029 1368 4104 domino

215 4109 218 4128 '
287 4125 362 4189 Deo
382 4063 492 4189 battua
511 4124 618 4188 maluo
639 4124 749 4186 valde.
796 4059 959 4209 duamur
980 4137 1148 4188 conentur
1169 4121 1368 4203 ostenderet}

287 4205 410 4272 insulse
434 4207 534 4274 etiam
557 4208 611 4271 vel
632 4203 801 4297 inerudite
822 4203 994 4282 afferatur,
1032 4225 1105 4273 non
1127 4223 1257 4274 tautum
1277 4195 1368 4268 contr·
