3038 4828
300 211 381 294 260
518 273 522 284 .
637 181 1090 292 nemorensem.

303 417 399 554 pouq,
429 401 550 552 influa
569 402 706 552 propria
726 403 855 495 specie,
886 419 922 471 et
941 401 1152 494 quantitate,
1186 418 1221 471 et
1241 403 1420 492 qualitate,
1507 391 1508 466 ξ

304 512 343 557 tn
385 509 448 556 oco
483 509 546 566 uo,

303 572 506 662 proximum,
538 589 766 660 apparuerunt
785 572 955 638 littoribus
978 572 1043 637 suis
1065 572 1207 647 cinctae,
1231 571 1355 659 partim
1380 570 1421 636 in
1507 605 1508 608 ¹

305 655 441 746 gremiis
468 654 614 732 telluris,
649 655 815 722 velutiin
838 655 1038 743 quibusdam
1058 655 1151 742 poris
1170 654 1286 742 magni
1307 659 1425 736 cujus·
1507 701 1508 726 ,

303 741 398 830 piam
426 738 576 827 corporis
603 741 735 804 occulte
766 738 1008 814 discurrentes,
1080 739 1184 822 artim
1207 736 1427 825 superficiem

249 828 253 845 ’
306 829 378 906 ejus
400 839 519 911 aperte¹
534 837 772 908 contegentes,
798 837 833 886 et
852 821 890 888 in
912 823 1035 911 quibus
1054 763 1140 887 iocis
1163 820 1327 908 dispersae
1344 821 1424 886 fue·
1507 859 1508 872 ,

304 922 399 984 rant,
454 907 567 972 uando‘
595 927 703 970 unum
733 903 908 992 proprium
937 927 1009 972 non
1038 908 1224 980 habebant,
1256 904 1427 992 inquens

331 929 518 1057 ostmodum
550 1003 735 1054 coarctatae
763 989 925 1054 terminos
957 989 1115 1072 definitos
1142 1005 1221 1053 ‘non
1255 1005 1426 1078 uansgre·

333 1072 458 1138 'untur
502 1073 657 1158 Quatuor
678 1071 769 1136 enim
789 1071 991 1170 principalia
1010 1075 1110 1153 hujus
1133 1071 1297 1138 mundio
1361 1092 1426 1136 ora

306 1175 348 1222 ex
369 1171 513 1243 quatuor
532 1153 736 1243 simplicibus
758 1155 933 1234 elementts
955 1157 1162 1303 composita„
1186 1149 1307 1222 terrani
1354 1155 1424 1234 ‘co,

307 1261 446 1328 aquam,
479 1246 571 1318 asra,
605 1254 639 1302 et
661 1241 810 1315 aethera,
842 1239 1035 1304 cumomni
1061 1261 1099 1302 us
1122 1251 1207 1326 quae
1227 1238 1264 1304 in
1288 1238 1357 1314 eis,
1388 1255 1456 1303 et·
1507 1255 1508 1266 ¹

308 1326 351 1390 de
381 1322 429 1387 eis
457 1323 547 1388 facta
572 1323 668 1399 sunt,
695 1323 791 1388 simul
813 1337 847 1386 et
866 1322 967 1386 semel
988 1321 1115 1410 species
1137 1323 1211 1386 luas
1231 1320 1422 1409 accipiunt,

307 1421 342 1472 et
361 1407 453 1483 loca,
486 1421 520 1470 et
540 1427 718 1480 numeros,
749 1419 783 1468 et
804 1419 973 1492 tempora,
997 1421 1031 1469 et
1051 1404 1247 1482 intervalla,
1271 1421 1304 1470 et
1326 1405 1427 1470 diffe-

305 1489 452 1565 tentiae,
485 1504 520 1554 et
547 1487 788 1576 proprietates;
816 1489 987 1552 mensuras
1017 1509 1173 1574 quoque,
1202 1503 1237 1552 et
1255 1491 1424 1575 pondera,

306 1587 342 1638 et
363 1593 465 1638 omne
486 1575 579 1659 quod
599 1571 636 1635 in
659 1570 707 1634 eis
728 1567 887 1646 sentitur,
921 1587 955 1635 et
975 1571 1106 1635 sensum
1126 1573 1277 1657 superat,
1314 1585 1354 1635 et
1370 1571 1429 1635 in·

306 1655 378 1720 telli
404 1655 488 1730 itur,
518 1655 575 1718 vel
601 1653 814 1717 intellectum
842 1651 941 1738 sugit.
986 1655 1052 1718 Sed
1078 1655 1102 1718 fi
1131 1653 1206 1740 quis
1234 1657 1275 1718 de
1297 1652 1426 1719 talibus

330 1678 456 1820 hyicas
477 1735 664 1801 reddiderit
682 1735 849 1812 rationes,
861 1736 952 1834 quia
973 1737 1069 1800 sensu
1090 1757 1253 1822 corporeo
1270 1758 1425 1822 compre-

304 1759 411 1885 Eendi
430 1839 503 1882 non
523 1819 660 1904 possunt
680 1821 720 1881 ab
743 1817 813 1892 his,
838 1840 896 1904 qua
918 1818 1080 1882 sensibilia
1099 1821 1309 1884 solummodo
1330 1819 1427 1907 cogi-

307 1915 399 1977 tant,
422 1915 481 1964 aut
500 1901 693 1987 spernetur,
716 1914 875 1987 tanquam
896 1900 983 1964 nihil
1007 1899 1112 1976 dicat,
1137 1917 1195 1964 aut
1207 1902 1428 1989 allegorizare

305 1983 503 2073 putabitur,
532 1981 761 2048 nescientibus
789 1997 942 2059 naturam
965 1985 1020 2046 fex
1040 1981 1190 2050 motibus
1211 1983 1278 2049 suia
1301 1985 1425 2050 discer-

304 2089 397 2134 nere.
445 2066 585 2149 Physica
621 2062 784 2150 liquidem
832 2065 1058 2131 substantiales
1092 2082 1232 2131 naturae
1261 2068 1425 2146 rationes,

305 2149 428 2216 Etbica
458 2171 541 2216 vero
575 2147 792 2213 rationabiles
813 2147 930 2235 ipsius,
964 2151 1021 2213 vel
1042 2149 1287 2216 irrationabiles
1309 2169 1427 2217 motus

307 2232 503 2300 confideret.
546 2235 590 2294 D.
612 2230 759 2296 Edissere
780 2234 901 2318 quaeso
924 2236 1151 2330 quodcunque
1174 2237 1299 2299 dehac
1322 2258 1426 2322 quae·

305 2315 411 2382 Ilione
441 2315 601 2380 solvenda
635 2312 773 2378 videtur
794 2313 857 2378 tibi
879 2315 1075 2391 verrsrmile,
1105 2316 1343 2405 neminemque
1364 2341 1426 2382 ve-

306 2397 427 2470 rearis,
452 2396 624 2484 quomodo
645 2395 747 2472 ierat,
771 2396 837 2461 five
858 2417 929 2462 non
953 2397 1122 2485 intelligat
1143 2399 1226 2486 quid
1246 2401 1346 2476 dicas,
1369 2404 1424 2466 lu·

307 2501 348 2548 ce
376 2477 527 2544 veritatis
553 2499 625 2542 non
653 2479 843 2564 perculsus,
882 2495 940 2544 aut
960 2481 1093 2568 spernat
1114 2481 1263 2548 invidiae
1284 2483 1439 2550 veneno‘

232 2627 235 2633 ,
306 2577 504 2648 corruptus,
527 2561 594 2626 save
613 2577 766 2625 veterum
789 2561 992 2648 opinionum
1011 2567 1085 2630 zelo
1105 2566 1346 2632 contentiosus.
1369 2569 1421 2632 Μ.

306 2645 383 2712 Post
412 2643 638 2710 narrationem
665 2647 858 2710 mundanae
892 2647 1158 2726 constitutionis,
1197 2666 1421 2716 extremarum

305 2728 374 2794 viz.
396 2727 488 2792 illius
508 2726 656 2814 partium
676 2728 743 2792 five
763 2727 912 2794 invicem
931 2729 1130 2817 disparium,
1153 2731 1421 2820 incorporalium

310 2811 388 2879 dieo
410 2809 581 2878 rationum
605 2809 891 2898 simpliciumque,
924 2814 1108 2879 secundum
1131 2837 1211 2913 quas
1237 2817 1280 2880 est
1300 2817 1421 2882 condi-

306 2910 357 2960 tat
380 2909 415 2959 et
435 2895 695 2981 compositorum
716 2915 912 2980 corporum,
946 2897 1157 2984 generations
1179 2915 1213 2963 et
1233 2899 1423 2987 corruptio·

181 2992 186 3000 “
219 2973 227 3000 ⁸
307 2977 367 3054 ni,
389 2977 474 3044 locis
496 2997 648 3067 quoque,
673 2977 949 3066 temporibusque
971 2981 1210 3066 obnoxiorum3
1264 3005 1326 3047 uae
1346 2984 1425 3070 qui-

308 3064 387 3129 dem
409 3061 636 3126 extremitates
660 3065 1006 3148 aquarumvocabulo
1029 3081 1169 3150 propter
1189 3006 1302 3130 etuias
1322 3089 1419 3152 prae·

308 3143 414 3210 dictas
445 3147 628 3232 appellatae
656 3145 752 3220 sunt,
783 3145 1041 3233 medietatisque
1073 3163 1216 3234 quatuor
1237 3151 1422 3216 elemento-

307 3249 400 3304 rum,
432 3249 517 3313 quae
544 3225 764 3307 firmamenti,
803 3227 933 3293 coelive
962 3229 1089 3296 nomen
1122 3247 1342 3318 acceperunt:
1375 3235 1422 3298 ad

307 3307 632 3396 contemplationem
659 3309 796 3376 infimae
828 3315 977 3392 ejusdem
998 3313 1120 3399 partis,
1158 3315 1310 3380 omnium
1333 3315 1421 3380 scili·

306 3409 363 3458 cet
383 3391 658 3489 corruptibilium·
674 3414 869 3480 corporum,
891 3395 1090 3482 prophetica
1109 3397 1258 3464 intentio
1279 3397 1418 3465 videtur

307 3475 529 3550 descendere,
553 3476 660 3538 veluti
682 3479 725 3541 ad
746 3476 878 3542 tertiam
898 3494 1038 3543 naturae
1059 3480 1217 3545 conditae
1238 3481 1416 3548 theoriam.

305 3561 378 3624 tmo
400 3557 561 3644 liquidem
602 3559 793 3635 eneraliter,
816 3560 1085 3648 primordialium
1100 3563 1272 3630 caularum
1286 3563 1323 3630 in
1338 3565 1418 3631 suos

179 3675 185 3686 =
307 3639 447 3706 effectus
474 3661 577 3728 proce
616 3663 734 3718 onem,
767 3665 807 3707 ex
834 3643 1019 3732 incognitis
1050 3645 1246 3735 arcanisque
1277 3664 1420 3742 rptturae

306 3721 450 3798 finibus,
483 3725 572 3811 quali
600 3724 801 3813 quibusdam
829 3727 995 3804 tenebris,
1019 3726 1062 3793 =in
1092 3731 1204 3795 lucem
1235 3731 1443 3798 ionnarum'

307 3806 549 3894 multiplicium
561 3808 771 3906 perspicuam
787 3807 1015 3876 intellectibus
1029 3811 1345 3902 contemplantium,
1360 3817 1429 3880 vel·

306 3889 452 3987 sensibus
479 3892 687 3988 manifestam
717 3891 889 3990 expressim
924 3893 1047 3960 deinde
1076 3897 1224 3963 secundo
1258 3897 1421 3964 contuitu

305 3972 493 4040 ttrfonnem
520 3977 642 4040 munda
668 3975 904 4044 condutionem
922 3975 961 4043 in
982 3976 1171 4045 rationibus
1193 3979 1261 4047 viz.
1287 3997 1322 4048 et
1342 3981 1421 4047 uni·

306 4055 487 4121 versalibus
508 4056 700 4134 elementis,
723 4057 831 4147 inque
850 4059 1046 4148 corporibus
1067 4061 1349 4155 particularibus,
1372 4079 1422 4130 at·

305 4159 371 4226 que
392 4139 584 4228 compostis
604 4141 834 4221 confiderent,
857 4147 900 4214 ad
919 4144 1070 4236 iphrum
1090 4146 1285 4223 solubilium
1297 4163 1333 4216 et
1347 4168 1424 4216 cor·

603 489 729 568 oceli,
758 489 849 556 inter
875 505 996 556 terram
1030 505 1064 554 et
1101 495 1175 554 asara
1193 491 1289 554 hunc
1308 503 1423 554 terrae
1507 511 1508 520 ¹
