3048 4856
896 53 906 62 ··
931 47 939 74 Ι

269 263 348 364 198
462 299 466 308 “
590 289 653 390 ¹De
673 273 854 368 maurone
877 285 1107 364 Naturae·

269 479 330 544 seu
349 472 493 544 inertiae
514 475 648 562 culpam
668 473 898 542 incurramust
919 477 979 541 ubi
1000 493 1081 541 vero
1103 471 1308 544 intentionis
1325 493 1385 540 no·

269 562 350 638 strae
379 557 543 625 virtutem
575 575 750 648 exuperat,
781 575 815 623 et
835 565 907 624 non
957 560 1060 624 atitut
1078 559 1251 624 inentibus
1275 561 1387 622 adhuc

259 661 404 711 ‘terrena
433 643 645 709 habitatione
674 641 830 731 depressis
884 585 1020 732 erliiici,
1055 658 1090 706 et
1118 646 1160 708 ad
1190 663 1314 730 purum
1336 629 1387 706 di·

270 728 385 804 nosci,
418 725 549 792 silentio
584 727 701 792 cordia
719 741 753 791 et
774 727 841 793 oris
857 669 1118 792 ionoriiicanda
1140 725 1201 802 est,
1236 723 1387 811 nequid

271 829 397 879 temere
425 806 528 875 daea
552 811 764 876 definiamus.
808 815 851 875 D.
882 815 932 878 lta
954 811 1030 889 siat,
1062 831 1100 875 ac
1120 810 1189 878 fine
1209 829 1304 875 mora
1324 810 1386 871 hu·

270 903 323 980 jus
344 893 572 980 inquisitionis
594 895 684 960 viam
708 893 827 992 arripe.
1133 937 1135 940 -

332 991 364 1058 8.
387 981 435 1042 M.
460 981 511 1042 De
529 999 569 1043 eo
584 982 676 1065 quod
691 1000 806 1042 omnia
819 976 856 1062 iri
871 981 977 1044 verbo
992 967 1241 1076 deiunigenito
1253 979 1389 1054 aeterna

272 1063 367 1137 sunt,
399 1061 510 1148 primo
542 1061 725 1127 dicendum
752 1061 880 1142 judico.
924 1065 966 1125 D.
996 1063 1069 1126 Nec
1096 1063 1192 1142 aliter
1212 1061 1311 1123 volot
1345 1060 1387 1121 ab

274 1145 417 1211 eoenim
440 1148 533 1232 quod
553 1145 736 1233 praecedit,
758 1143 974 1210 ratiocinatio
998 1145 1041 1209 est
1060 1143 1273 1212 inchoanda:
1294 1163 1389 1227 prae·

266 1229 365 1295 cedit
387 1228 478 1294 enim
502 1229 681 1305 aeternitas
703 1230 888 1305 facturam
914 1230 953 1293 ab
977 1250 1017 1292 eo
1039 1225 1145 1313 igitur
1167 1227 1210 1289 est
1225 1225 1388 1289 inchoari·

273 1316 384 1379 dum.-
411 1315 459 1378 M.
480 1313 555 1379 Esto
578 1313 694 1400 itaque
717 1311 888 1385 intentus,
926 1325 959 1374 et
980 1311 1059 1376 vide
1080 1331 1125 1376 ne
1146 1309 1229 1398 quid
1250 1307 1390 1372 incaute

180 1437 184 1446 ·
273 1397 458 1472 concedas,
488 1417 534 1460 ne
563 1393 688 1460 iterum
716 1411 751 1477 te
773 1391 960 1459 concessisse
980 1393 1166 1480 poeniteat.
1210 1396 1252 1454 D.
1271 1395 1390 1477 ¹ingre·

274 1483 372 1556 dere,
395 1479 550 1548 intentus
571 1480 643 1544 suni
663 1477 813 1564 nequid
835 1494 960 1542 temere
982 1480 1176 1543 concedam.
1222 1477 1270 1539 Μ.
1287 1472 1390 1562 ,Quid

271 1562 337 1628 tibi
358 1561 511 1637 videtur,
535 1585 619 1627 num
642 1565 735 1626 Deus
758 1559 987 1625 accidentium
1010 1581 1113 1646 capax
1136 1557 1204 1624 est?
1234 1561 1276 1620 D.
1299 1557 1391 1621 Abiit

274 1649 316 1714 ab
346 1644 399 1710 hii
421 1643 481 1732 qui
504 1648 545 1709 de
565 1643 708 1709 veritate
730 1645 846 1708 sanum
868 1642 1021 1708 sentiunt
1041 1647 1108 1728 hoc
1127 1642 1238 1708 dicere
1259 1641 1315 1704 rei
1335 1659 1391 1703 co»

273 1729 404 1814 giraret·
431 1741 551 1792 natura
573 1727 664 1791 enim
685 1727 786 1822 ipsius
808 1727 944 1812 simplex
966 1727 1026 1802 est,
1063 1742 1097 1790 et
1116 1725 1296 1812 piusquam
1317 1723 1391 1806 sirii·

298 1813 372 1884 lex,
396 1809 623 1905 omnibusque
644 1809 877 1871 accidentibus
901 1810 1061 1881 absoluta,
1085 1825 1119 1870 et
1140 1805 1317 1908 plustpuam
1335 1809 1391 1868 ab·-

272 1833 392 1956 ioliita.
430 1893 477 1954 M.
501 1889 596 1954 Nihil
618 1911 696 1976 ergo
721 1893 784 1954 deo
807 1887 955 1954 accidit?
978 1895 1021 1953 D.
1039 1891 1192 1956 Omnino
1205 1889 1302 1968 iiilisl.
1336 1891 1388 1952 Mt
1501 1959 1505 1965 ,

273 1979 391 2061 ltaque
412 1995 484 2037 non
510 1973 554 2036 est
575 1971 607 2036 ei
630 1972 785 2042 accidens
798 1971 1058 2037 ‘universitatem
1071 1977 1230 2048 condere,
1253 1993 1325 2036 eam
1342 1987 1404 2034 ta·-

243 2043 353 2124 ¹.men
377 2055 563 2122 condidisse
583 2056 745 2154 scriptura
767 2057 856 2119 sacra
876 2075 949 2120 non
971 2071 1078 2130 tacet,
1115 2057 1171 2120 sed
1193 2069 1306 2142 aperte
1328 2057 1393 2126 cla-

273 2157 362 2216 mat,
379 2141 520 2205 dicens:
542 2143 581 2204 In
628 2139 775 2225 rincipio
798 2137 880 2218 fecit
900 2141 997 2202 Deus
1020 2139 1176 2214 coelum,
1202 2151 1237 2204 et
1259 2155 1392 2214 terram,
1423 2173 1427 2182 ·

275 2242 310 2290 et
332 2241 461 2289 caetera
484 2243 570 2309 quae
616 2245 634 2287 e
656 2221 814 2309 operibus
862 2221 1026 2288 rimorum
1048 2224 1102 2285 sex
1125 2223 1256 2286 diemm
1274 2225 1390 2319 leguri-

275 2325 340 2372 tur.
385 2311 427 2390 D.
455 2305 623 2369 Dominus
646 2321 680 2369 et
701 2305 824 2370 univer
836 2321 954 2369 itatem
976 2321 1202 2370 creaturarum
1224 2303 1392 2380 condidit,

275 2407 416 2534 eamchue
438 2387 623 2454 condidisse
643 2409 714 2453 non
738 2389 781 2452 eit
799 2389 835 2453 ei
856 2387 1023 2452 accidens.
1056 2391 1104 2454 M.
1127 2391 1206 2453 Non
1229 2411 1264 2452 er
1282 2387 1308 2453 'o
1321 2403 1394 2452 erat

274 2475 359 2537 subsi
386 2495 444 2536 ens
468 2486 647 2556 antequam
667 2471 918 2538 universitatem
941 2473 1121 2548 conderet,
1153 2495 1231 2536 nain
1295 2473 1393 2557 esset,

275 2555 438 2621 conditio
449 2555 511 2640 sibi
531 2576 644 2617 reruni
666 2553 845 2619 accideret.
889 2558 932 2618 D.
962 2558 1073 2618 Deum
1094 2559 1294 2642 praecedere
1314 2553 1394 2618 urii·

274 2640 464 2702 versitatem
493 2637 679 2714 credimus,
710 2659 782 2719 non
811 2654 980 2724 tempore,
1014 2639 1072 2702 sed
1101 2659 1139 2703 ea
1158 2640 1226 2704 sola
1245 2637 1391 2714 ratione,

276 2743 342 2805 qua
381 2722 477 2786 causa
513 2720 668 2784 omnium
696 2720 767 2806 ipse
796 2719 1017 2808 intelligitur;
1060 2723 1083 2784 si
1114 2721 1205 2786 enim
1238 2738 1394 2818 tempore

298 2805 506 2875 raecederet,
530 2802 687 2865 accidens
710 2802 742 2866 ei
764 2805 950 2870 secundum
973 2819 1105 2890 tempus
1128 2807 1236 2869 facere
1254 2825 1394 2868 univer·

275 2825 404 2950 iitatem
434 2885 531 2948 soret.
576 2883 748 2968 Quoniam
776 2909 857 2952 vero
890 2911 928 2951 ea
956 2888 1024 2958 sola
1053 2887 1185 2953 ratione
1207 2911 1271 2974 qua
1292 2887 1394 2952 causa

274 2968 337 3042 est,
363 2967 612 3031 universitatem
635 2971 675 3032 ab
692 2963 733 3062 §o
753 2971 924 3034 conditam
942 2971 1123 3056 praecedit,
1147 2973 1298 3058 sequitur
1315 2969 1394 3034 urii-

203 3067 213 3076 ·
274 3051 436 3115 versitatis
467 3050 702 3116 conditionem
732 3073 802 3116 non
832 3055 894 3116 eise
925 3058 990 3117 deo
1013 3055 1198 3119 secundum
1221 3055 1391 3129 accidens,

274 3137 329 3198 sed
361 3136 547 3198 secundum
577 3135 747 3220 quandam
775 3135 981 3202 ineffabilem
1002 3138 1169 3212 rationem
1192 3161 1257 3238 qua
1280 3137 1393 3202 causa·

275 3217 344 3281 tiva
372 3217 409 3281 iii
440 3219 537 3282 causa
565 3219 622 3281 sua
652 3219 781 3304 semper
812 3220 996 3287 subsistunt.
1040 3225 1088 3285 M.
1112 3221 1147 3285 Si
1169 3221 1275 3310 igitur
1295 3221 1392 3286 nulla
1430 3233 1433 3240 '

273 3301 337 3366 alia
364 3301 497 3364 ratione
527 3303 620 3364 Deus
642 3301 893 3366 universitatem
915 3325 934 3367 a
955 3305 988 3369 se
1010 3304 1181 3370 conditam
1207 3303 1391 3392 praecedit,

273 3399 404 3470 praeter
426 3381 517 3445 iilam
540 3383 642 3447 solarii
665 3405 730 3472 qus
750 3384 822 3471 ipse
844 3389 940 3450 causa
963 3389 1025 3463 est,
1052 3410 1090 3453 ea
1111 3411 1191 3452 vero
1209 3388 1390 3464 causativa,

273 3481 450 3562 ct·omne
489 3465 697 3532 causativum
732 3468 862 3556 semper
898 3471 934 3535 iii
976 3472 1073 3536 causa
1101 3473 1255 3548 subfistit,
1294 3472 1395 3536 aliter

272 3572 366 3614 enim
400 3569 465 3613 uec
487 3551 583 3614 causa
605 3552 702 3614 causa
724 3552 786 3628 ess3
816 3561 882 3618 n'ec
903 3554 1127 3630 causativum,
1162 3555 1392 3632 causativum

272 3635 404 3718 deoque
434 3653 505 3696 non
540 3632 665 3699 accidit
694 3635 832 3700 causalis
863 3639 943 3713 effe,
975 3639 1104 3725 semper
1133 3639 1225 3704 enim
1256 3656 1296 3704 et
1311 3661 1391 3705 caii·

272 3716 304 3780 sa
335 3716 393 3792 est,
425 3730 459 3779 et
490 3732 578 3792 erat,
607 3733 644 3782 et
672 3717 754 3792 erit,
788 3721 918 3808 semper
944 3720 1050 3810 igitur
1079 3720 1247 3787 causativa
1268 3722 1304 3788 iii
1329 3723 1391 3788 sua
1489 3799 1502 3804 ,

270 3799 368 3862 eausa
406 3799 605 3882 subsistunt,
650 3817 684 3864 et
723 3802 963 3879 substiterunt,
1012 3819 1046 3868 et
1085 3803 1259 3871 substitura
1298 3807 1392 3870 sunt.

175 3879 178 3898 '
268 3881 418 3947 Proinde
461 3883 657 3948 universitas
699 3883 735 3948 iri
789 3887 846 3951 sua
888 3887 985 3952 causa
1019 3888 1182 3976 quoniam
1221 3888 1392 3956 causativa

270 3965 329 4062 est,
360 3968 428 4032 hoc
458 3967 519 4044 est,
553 3969 630 4032 suae
662 3970 779 4034 causae
805 3972 990 4058 particeps,
1024 3989 1160 4049 aeterna
1188 3973 1250 4050 est,
1281 3971 1392 4039 totius

265 4049 376 4136 igitur
416 4066 588 4116 creaturae
620 4051 871 4119 universitatem
909 4071 1079 4122 aeternam
1117 4057 1180 4124 esse
1213 4057 1250 4122 in
1284 4059 1391 4121 verbo

269 4132 325 4201 dci
357 4131 568 4201 manifestum
600 4135 654 4202 sst.
716 4139 758 4200 D.
793 4138 885 4204 Huic
915 4140 1124 4206 conclusioni
1154 4139 1390 4208 contradicere

268 4237 335 4282 von
367 4219 481 4296 valeo,
515 4222 594 4288 dum
623 4220 700 4286 sirie·
722 4222 789 4287 ulli
819 4222 1040 4313 ambiguitate
1072 4225 1247 4292 considero
1268 4243 1392 4292 omues
