3038 4832
483 158 592 284 inber
610 208 811 283 Semnan.
1138 203 1210 284 129

98 393 263 464 vocabulii
283 391 542 474 denominatur,
566 411 602 462 et
621 395 730 462 veluti
751 409 939 462 extremum
953 395 1123 460 humanae
1137 397 1207 462 ani-

98 503 164 546 mae
198 477 331 544 obtinet
354 481 487 560 locum3
520 479 795 554 necimmerito,
829 499 934 568 quum
957 477 1046 544 circa
1064 477 1208 546 'effectus

97 564 262 630 causarum
292 562 581 649 primordialium,
621 565 689 632 live
719 563 881 638 visibiles,
923 560 992 626 five
1023 561 1223 630 invisibiles·

98 649 170 722 dut,
203 645 492 713 circumvolvitur.
535 651 583 714 dc
612 671 673 735 per
692 649 759 714 hoc
779 669 851 712 non
876 649 957 711 duaa
979 645 1206 714 substantiales

98 729 274 806 trinitates,
296 731 355 796 sed
377 754 480 798 unam
503 736 713 822 eandemque
737 735 779 796 ad
800 727 1205 796 similitudinem'creato·
1228 781 1230 788 ι

96 814 135 879 rii
163 812 212 877 sui
244 814 416 880 conditam
433 832 574 902 pportet
596 839 659 881 noe
680 813 880 914 intelligere.
925 815 991 878 Sed
1011 814 1117 881 miror
1140 837 1207 986 <gua

96 901 131 962 de
152 898 249 962 causa
269 898 376 963 vitam
397 899 521 986 ipsam,
545 923 631 987 quae
653 922 671 963 a
694 901 828 964 Graecis
853 892 1024 990 Θρεπτικῆ
1043 914 1077 964 et
1098 898 1142 964 ἂυ
1171 923 1204 999 q-

95 975 180 1070 rittiq,
201 1003 229 1044 a
256 983 375 1047 nostris
396 1005 476 1048 vero
499 983 664 1048 nutritiva
686 997 722 1046 et
746 981 881 1047 auctiva
903 997 1046 1047 vocatur
1075 983 1205 1056 (nutrit

95 1065 175 1130 enim
197 1086 351 1152 corpora,
376 1081 409 1131 et
429 1067 640 1132 incrementa
661 1065 709 1130 eia
730 1066 883 1152 praestat)
905 1088 970 1131 nec
985 1065 1094 1130 veluti
1107 1089 1204 1154 quar·

96 1165 153 1212 tam
174 1149 421 1216 substantialem
437 1154 606 1213 humanae
620 1165 761 1214 naturae
776 1166 917 1236 partem,
941 1171 1007 1215 nec
1019 1149 1111 1242 intra
1128 1152 1203 1218 sub·

95 1232 268 1298 slantialem
298 1232 486 1298 trinitatem
516 1248 746 1298 enumeratam
777 1248 859 1298 iate
880 1231 1000 1310 video,
1032 1255 1071 1298 ac
1091 1233 1203 1299 veluti

59 1391 62 1401 Ι
94 1317 218 1402 penitus
230 1315 526 1414 praetermissam,
551 1333 585 1381 et
605 1319 701 1390 nullo
723 1320 826 1382 modo
849 1319 892 1381 ad
911 1334 1052 1382 naturae
1073 1319 1204 1385 nostrae

95 1401 358 1472 constitutionem
406 1399 621 1465 ertinentem.
665 1401 715 1464 M.
739 1403 819 1466 Non
840 1400 989 1477 mireris,
1012 1423 1083 1466 non
1109 1398 1203 1468 enim

95 1483 152 1548 sine
172 1483 268 1546 causa
287 1486 354 1546 hoc
374 1424 528 1548 iecimus.
571 1484 747 1574 Siquidem
774 1505 869 1549 nunc
890 1507 961 1549 non
985 1487 1026 1548 de
1047 1477 1203 1551 universa

94 1569 229 1631 humane
258 1581 380 1630 natura
401 1567 509 1632 sermo
533 1568 594 1644 est,
626 1591 712 1658 quae
732 1567 841 1632 veluti
864 1568 1015 1659 quinque
1036 1569 1201 1654 partibus,

94 1651 225 1726 liocest,
259 1658 403 1736 corpore
423 1651 587 1738 vitalique
608 1668 724 1728 motu,
756 1652 874 1726 sensu,
910 1666 944 1715 et
965 1649 1099 1718 ratione
1121 1673 1202 1718 con·
1296 1654 1301 1663 '

93 1733 161 1795 stare
174 1733 333 1806 ridetur,
367 1749 401 1794 et
422 1733 620 1818 intellectu3
654 1736 712 1800 sed
735 1737 777 1800 de
800 1756 838 1799 ea
858 1735 1071 1800 solummodo
1092 1751 1200 1823 parte,

94 1815 202 1912 inqua
222 1813 339 1900 imago
360 1829 395 1878 et
415 1813 599 1880 similitudo
618 1815 805 1881 conditorii
819 1817 1035 1915 perspicuum
1059 1821 1126 1884 hoc
1142 1819 1198 1895 est,

96 1901 130 1962 de
148 1900 325 1963 intellectu
346 1913 381 1962 et
400 1897 533 1962 ratione
556 1915 590 1963 et
610 1899 709 1963 sensu
729 1897 901 1976 interiori,
929 1903 984 1965 vel
1006 1905 1060 1982 (ut
1080 1901 1129 1967 ita
1151 1901 1200 1968 di·

96 1985 168 2060 cam)
195 1979 353 2058 edentia,
388 1980 531 2057 virtute,
560 1997 595 2046 et
616 1982 825 2080 operatione.
868 1987 909 2049 lu
930 1986 998 2049 hoe
1020 1983 1113 2061 enim
1134 2001 1202 2051 ter·

95 2065 175 2130 nario
206 2067 359 2130 summae
381 2080 415 2129 et
436 2063 546 2130 sacrae
570 2063 731 2146 trinitatis
755 2065 868 2153 imago
891 2069 1036 2154 expressa
1057 2091 1199 2156 cognos-

95 2147 177 2214 citur.
216 2151 310 2214 Nam
332 2147 374 2212 de
394 2147 491 2212 vitali
513 2164 626 2223 motu,
650 2169 718 2235 quo
741 2148 853 2212 anima
876 2170 998 2237 corpus
1021 2165 1056 2215 et
1076 2151 1198 2230 nutrit,

97 2247 123 2294 et
140 2231 172 2296 in
192 2255 303 2296 unum
326 2231 456 2318 colligit
478 2246 513 2294 et
526 2230 696 2307 vivificat,
720 2247 755 2296 et
768 2231 952 2309 ministrat,
976 2231 1076 2322 eique
1089 2233 1198 2300 incre

96 2331 235 2380 mentum
254 2318 331 2388 dat,
365 2318 474 2402 deque
495 2301 568 2401 ipso
592 2335 749 2401 corpore,
780 2318 873 2402 quod
894 2316 1001 2379 totius
1025 2333 1198 2385 creaturae
1227 2321 1229 2324 ’

96 2415 262 2464 extremum
288 2397 422 2462 obtinet
442 2400 576 2472 locum,
600 2399 685 2463 aliut
703 2395 882 2463 differendi
897 2399 993 2463 locus
1010 2398 1090 2476 erit,
1114 2403 1198 2468 dum

96 2483 129 2546 de
145 2484 270 2548 naturia
294 2479 519 2557 sensibilibus,
541 2485 617 2546 Deo
637 2485 741 2558 duce,
767 2480 817 2546 dii
844 2481 1006 2559 utabitur,
1020 2503 1106 2570 quae
1119 2507 1198 2572 para

97 2557 235 2652 quinium
258 2581 354 2630 extra
374 2565 616 2652 proprietatem
637 2505 864 2652 intelligibiiio
882 2566 1011 2631 nostrae
1026 2567 1195 2646 essentiae,

97 2671 148 2732 qua
174 2653 214 2716 ad
233 2649 423 2747 imaginem
445 2648 510 2713 Dei
533 2648 664 2714 conditi
685 2651 819 2725 sumus,
854 2647 1063 2726 dinoscitur,
1095 2674 1196 2740 prop·

97 2745 169 2796 terea
188 2755 206 2798 a
226 2736 330 2800 nobit
351 2731 617 2821 praesentialiter
637 2731 821 2798 intermissa
843 2731 902 2808 ell,
927 2736 1009 2798 dum
1023 2734 1064 2798 fit
1080 2751 1195 2802 motus

96 2813 211 2910 quidam
242 2818 340 2882 extra
368 2831 523 2882 naturam
552 2815 816 2902 primordialiter
837 2815 1016 2892 conditus,
1051 2816 1197 2884 substan·

97 2897 156 2960 tiali
173 2901 300 2966 nostrae
323 2897 534 2986 operationi,
558 2921 645 2986 quae
665 2901 779 2964 sensui
800 2899 943 2964 interior
964 2905 1019 2979 (ut
1033 2897 1209 2982 diximut)'

97 2981 260 3060 vocitatur,
287 2983 479 3061 subjectus,
502 2983 608 3068 inque
655 3000 777 3044 uenam
797 2980 930 3065 peccati
947 2980 1102 3047 additui:
1125 3003 1195 3072 quo

99 3061 235 3130 videlicet
268 3080 369 3130 motu
397 3085 436 3128 ea
490 3083 554 3126 uae
575 3002 651 3148 posi
667 3065 1034 3151 peccatumtliumanae
1054 3081 1196 3133 naturae
1298 3079 1303 3100 ¹

100 3145 289 3232 superaddita
319 3149 414 3222 sunt,
448 3085 664 3212 aiminillrat.
714 3147 765 3213 Co
807 3167 848 3210 us
877 3149 946 3212 hoc
972 3149 1196 3236 corruptibile

99 3228 175 3306 dico,
210 3249 313 3320 atque
342 3231 501 3308 mortale,
532 3229 620 3294 loeis
642 3169 920 3319 temporriiuique
940 3229 1088 3308 varium,
1120 3255 1195 3321 par·

99 3309 168 3378 tium
186 3316 318 3380 suarum
338 3335 481 3379 numero
505 3313 707 3391 discretum,
729 3313 844 3402 spatiis
865 3313 1063 3391 distentum,
1084 3313 1195 3384 incre·

99 3396 200 3462 olentia
222 3397 533 3500 deecrementiaque
553 3396 745 3475 subditum,
783 3398 1001 3485 qualitatibus
1023 3399 1194 3496 quantita·

100 3475 233 3568 tibiaque
255 3482 392 3549 diversit
414 3481 621 3562 subiectum,
649 3483 691 3547 ad
715 3503 832 3573 pmnea
852 3481 1099 3548 irrationabiles
1119 3503 1194 3549 mo·

100 3573 143 3624 tm
166 3587 307 3650 pronum
336 3563 478 3632 carnalia
506 3569 619 3632 adhuc
648 3565 801 3641 animae,
833 3565 956 3632 merito
977 3565 1060 3630 suae*
1076 3565 1195 3633 inobe'·

101 3641 225 3715 dientiac
244 3648 488 3739 superbiaeque
509 3648 644 3716 diverfii
666 3647 913 3716 calamitatibus
933 3648 1111 3725 involutae
1131 3653 1195 3716 ho·

101 3725 235 3812 spitimir,
265 3729 481 3822 caeteraque,
537 3757 601 3799 uae
633 3736 675 3799 de
695 3731 898 3800 infelicitate
918 3732 956 3798 iii
977 3737 1067 3822 lianc
1085 3731 1194 3800 vitam

100 3808 242 3884 humanae
272 3835 415 3884 naturae
447 3839 487 3882 ex
512 3757 675 3884 solicitate
694 3816 842 3884 P'aradili
862 3817 1033 3918 expulsae,
1067 3813 1194 3884 etrdici

103 3905 132 3953 et
149 3901 364 3986 experimento
387 3899 553 3999 cognoaci.
569 3903 715 3990 pollent.
759 3903 876 3968 Motus
893 3917 1008 3990 itaque
1021 3903 1194 3970 humanae

102 3992 216 4050 nttttrae
237 3990 280 4053 ad
300 4009 338 4053 ea
359 3985 618 4056 administranda
636 4008 729 4076 quae
748 3986 808 4052 fibi
831 3990 874 4052 ad
894 3985 1193 4074 vindictam‘prae
1218 4023 1221 4032 ·

102 4060 294 4166 luitiationit
315 4069 424 4138 divini
445 4069 629 4160 praede‘pti'
641 4073 799 4154 adjuncta
819 4068 1118 4148 [intumulatam
1135 4075 1193 4134 au·

104 4155 164 4212 tem·
182 4152 274 4234 dico,
302 4176 374 4224 non
404 4153 581 4226 iratcentii
608 4153 675 4223 Dei
702 4153 889 4250 ultionem,
922 4154 980 4222 led
1000 4152 1191 4222 miserantia

671 4289 675 4300 '
725 4275 746 4340 9
