3048 4856
1076 164 1087 194 ἱ

543 181 833 312 aton-wertina.
982 289 986 294 .
1171 239 1249 316 226

132 425 220 490 dum
237 421 394 490 radimo
416 422 531 491 omnia
543 425 585 490 de
598 423 709 490 nihilo
724 423 840 502 creari,
855 423 918 490 niti
934 425 1013 513 quia
1026 439 1098 492 erat
1109 429 1246 514 quando

129 528 203 574 non
227 522 334 574 eraut.
370 509 518 594 Ideoque
539 529 610 574 non
623 507 815 596 incongrue
834 507 979 576 dicimus
994 509 1123 597 semper
1139 509 1245 590 erant,
1294 575 1297 584 ,

131 587 263 670 semper
289 611 360 656 non
391 607 503 666 erant,
536 607 571 656 et
597 593 669 658 nori
692 609 791 688 erat„
812 596 947 679 quando
969 614 1040 658 non
1063 609 1177 670 erant,
1213 609 1249 660 et

132 677 269 759 quando
292 695 361 740 non
386 690 497 751 erant,
531 691 610 740 crat.
654 674 830 762 Siquidem
851 677 980 764 semper
1001 683 1096 742 erant
1116 677 1247 746 inver·
1339 698 1346 704 ’

129 759 176 822 bo
200 757 253 822 dei
275 757 471 833 causaliter,
508 759 545 822 vi
566 774 600 822 et
622 760 800 846 potestate,
833 757 920 824 ultra
943 759 1177 839 omniatloca,
1213 776 1248 828 et

131 856 304 926 tempora,
335 843 422 908 ultra
451 864 585 908 ornnem
616 843 869 929 generationem
889 843 1042 911 localiter
1063 859 1098 916 et
1119 859 1270 932 tempo-⁶

127 924 244 988 raliter
265 924 405 998 factam,
429 928 518 1006 ultra
539 947 674 992 omnem
697 929 839 992 formam
861 949 900 990 ac
921 927 1071 1012 speciem
1089 913 1186 992 ieniu
1210 943 1246 996 et

126 1007 308 1073 intellectu
330 1007 522 1094 cognitam,
546 1011 633 1072 ultra
655 1032 791 1076 omnem
814 1011 1010 1097 qualitatem
1030 1027 1066 1074 et
1079 1010 1252 1098 quantita·
1325 1089 1327 1095 Α

128 1105 218 1165 tem,
248 1107 445 1178 caeteraque
479 1091 667 1156 accidentia
697 1117 758 1180 per
779 1117 865 1182 quae
885 1093 1247 1174 substantiasuuiuscu·

124 1179 249 1320 jusque
280 1190 449 1264 creaturae
477 1173 681 1262 intelligitur
715 1178 788 1244 elle.
833 1177 923 1242 Novi
946 1194 1059 1244 autem
1082 1177 1167 1266 quid
1186 1177 1244 1244 fit:

127 1274 163 1322 et
200 1279 314 1343 emper
334 1279 406 1322 non
429 1269 535 1324 erant.
577 1259 783 1348 Priusquam
799 1261 891 1328 enim
912 1283 973 1359 puer
990 1261 1254 1360 generationem

125 1341 165 1404 in
197 1341 338 1412 formas,
371 1355 406 1403 et
427 1340 576 1426 species,
606 1344 681 1408 loca
703 1360 738 1409 et
758 1361 909 1431 tempora
930 1367 1035 1440 inque
1056 1366 1172 1410 omma
1193 1367 1246 1412 ac·
1341 1347 1345 1353 ’
1386 1383 1395 1390 -

127 1423 297 1496 cidentia,
329 1443 414 1519 quae
444 1440 599 1492 aeternae
632 1447 749 1495 corum
772 1426 1028 1506 substantiaern
1052 1430 1157 1494 verbo
1178 1425 1246 1494 Dei

125 1505 496 1572 incommunicabiliter
506 1509 700 1575 substitutae
717 1511 894 1585 accidunt,
916 1513 1143 1598 proiluerentq
1164 1513 1244 1584 Non

125 1605 225 1654 erant
247 1588 283 1652 in
305 1591 543 1675 generatione,
567 1615 632 1660 nec
654 1611 749 1660 erant
769 1593 939 1670 localiter,
966 1599 1031 1660 nec
1054 1594 1245 1681 temporali-

125 1687 199 1748 ter,
232 1694 299 1768 neq
318 1671 354 1736 in
376 1673 522 1761 propriis
544 1676 662 1742 formis
684 1677 925 1764 speciebusque
947 1678 1069 1764 quibus
1091 1675 1245 1769 acciden-

124 1754 180 1818 tia
208 1771 429 1842 contingunt;
465 1761 513 1828 Ac
543 1781 604 1842 per
634 1763 702 1826 hoe
731 1783 802 1828 non
833 1757 1113 1828 irrationabiliter}
1131 1759 1172 1821 de
1194 1775 1243 1818 ere

124 1834 359 1925 praedicatur,
389 1855 461 1898 non
492 1850 562 1910 erat
582 1843 977 1920 'quadrienno-erman
1014 1833 1244 1920 temporaliter

125 1917 222 1986 enim
243 1918 492 1982 inchoaverunt
512 1939 573 2003 per
594 1914 848 2002 generationem
865 1917 927 1980 elle
944 1920 1037 2002 quod
1049 1939 1119 1987 non
1135 1933 1242 1996 erant.

125 2001 208 2090 quia
229 2000 357 2099 semper
377 1999 414 2064 in
434 2002 538 2065 verbo
560 1999 625 2063 Dei
647 1998 841 2075 subsistunt,
870 1998 908 2062 in
931 2022 999 2085 quo
1019 2023 1084 2065 nec
1107 2003 1170 2066 elle
1191 2001 1246 2068 in·

124 2083 437 2172 cipiunt31nfinita
460 2083 503 2148 eil
520 2083 617 2147 enim
641 2081 831 2148 aeternitas.
865 2083 911 2144 Et
934 2097 1004 2144 erat
1019 2087 1155 2165 quando
1170 2105 1243 2151 non

124 2185 238 2234 erant:
270 2159 499 2254 temporaliter
527 2166 619 2232 enirn
640 2165 890 2230 inchoaverunt
906 2184 968 2250 per
987 2163 1244 2309 generationem

122 2252 191 2318 elie
212 2253 305 2338 quod
326 2271 397 2316 non
420 2265 532 2314 etanta
560 2252 635 2314 hoe
649 2249 707 2328 est,
736 2247 772 2314 in
795 2245 969 2313 formicet
1004 2245 1165 2332 peciebus
1187 2269 1245 2335 ap·

121 2357 253 2426 parere.
294 2333 508 2408 Proinde‚fi
552 2332 604 2398 uis
626 2349 781 2398 naturam
803 2353 915 2396 rerum
935 2328 1090 2394 intentus
1112 2331 1244 2418 peripe·
1322 2385 1324 2395 ,

122 2420 231 2493 xerit,
266 2419 359 2481 nulla
380 2433 500 2481 natura
525 2356 669 2482 issenfibus
691 2417 749 2482 seu
770 2411 999 2482 intellectibus
1020 2413 1243 2480 succumbens

122 2499 332 2590 reperietur,
360 2503 402 2564 de
423 2521 490 2586 qua
510 2500 675 2566 veraciter
696 2499 765 2566 dici
786 2521 858 2565 non
876 2496 992 2586 polilt,
1016 2498 1145 2583 [emper
1161 2515 1242 2576 erat,

123 2602 164 2652 et
191 2585 253 2658 eii.
289 2600 323 2648 et
351 2579 433 2659 erit,
468 2599 502 2648 et
527 2585 656 2670 semper
683 2599 864 2660 nouerat,
895 2604 959 2646 nec
982 2581 1043 2657 est,
1076 2581 1241 2650 necarit.

122 2667 302 2767 Siquidem
323 2665 691 2734 incommunicabiliter
713 2682 747 2732 et
769 2682 857 2744 erat,
891 2682 925 2730 et
947 2665 1007 2742 eit,
1032 2679 1066 2728 et
1087 2664 1151 2728 erit
1171 2665 1243 2752 ipia

150 2773 235 2818 rama
264 2749 458 2816 constitutio
488 2749 526 2816 in
557 2752 587 2814 sa
615 2749 720 2814 ientia
742 2749 807 2814 Dei
830 2771 890 2836 per
910 2745 1144 2836 primordiales
1166 2769 1245 2814 cau·

123 2779 197 2902 ias:
232 2835 289 2900 led
342 2833 397 2898 uia
427 2833 498 2920 ipia
520 2855 583 2898 con
614 2832 713 2898 'tutio
736 2833 796 2897 loli
818 2837 892 2898 Deo
915 2830 1052 2918 cognita
1076 2831 1137 2905 eil,
1174 2853 1243 2898 om·

124 2941 210 2986 uem
228 2857 462 2984 veroienium
484 2933 518 2982 et
539 2915 749 2983 intellectum
772 2915 877 2981 totius
901 2931 1072 2980 creaturae
1096 2915 1241 3000 superat,

124 3025 148 3069 a
178 3003 339 3089 nulloque
369 3004 480 3066 adhuc
510 2999 687 3064 intellectu
717 3015 829 3064 creato
850 2997 1012 3084 cognosci
1032 2997 1140 3082 potest
1160 2999 1244 3084 quid

123 3087 185 3160 fit,
208 3084 333 3170 incipit
353 3107 412 3168 per
433 3083 693 3171 generationem
709 3081 941 3167 temporaliter
962 3079 1114 3166 accipere
1132 3089 1244 3178 quan·

123 3169 240 3236 titates
263 3185 297 3234 et
318 3167 513 3256 qualitates,
536 3166 573 3232 in
593 3163 1055 3262 quibusrelutinquibusdam
1069 3161 1244 3246 vestimen·
1278 3171 1281 3178 '
1348 3213 1350 3216 -

122 3253 168 3318 tis
207 3267 345 3338 operta,
394 3251 502 3338 potest
541 3249 749 3316 manifestare
787 3270 867 3336 qma
899 3248 965 3326 eil,
1013 3268 1085 3312 non
1129 3263 1243 3316 autem

125 3336 212 3424 quid
232 3337 282 3400 fit.
326 3337 467 3400 inchoat
492 3355 571 3420 ergo
594 3335 868 3420 quoddammodo
891 3333 969 3406 elle,
993 3347 1063 3396 nou
1086 3329 1124 3396 iu
1139 3354 1245 3418 quan·

123 3437 200 3484 tum
221 3419 258 3484 in
282 3417 556 3505 primordialibus
578 3415 857 3493 caufislubfiilit,
881 3415 938 3480 sed
958 3413 996 3478 in
1018 3429 1183 3502 quantum
1203 3438 1244 3482 ex

123 3501 370 3590 temporalibus
397 3502 500 3568 causis
522 3499 646 3588 incipit
667 3522 837 3588 apparere.
880 3498 1004 3566 Causae
1026 3513 1140 3564 autem
1161 3515 1245 3566 tem·
1298 3534 1303 3548 ·

150 3587 258 3652 orales
290 3586 366 3652 dico
396 3584 573 3683 qualitates
606 3600 641 3648 et
669 3583 875 3672 quantitates
908 3597 942 3647 et
974 3597 1124 3662 caetera,
1158 3605 1245 3670 quae

121 3611 314 3738 iubilantiis
350 3671 512 3734 accidunt
547 3667 778 3756 temporaliter
805 3689 867 3756 per
895 3664 1168 3755 generationem
1210 3683 1246 3732 et

122 3753 205 3820 ideo
237 3756 280 3820 de
306 3750 349 3818 iis
378 3750 523 3827 dicitur,
557 3769 628 3818 erat
659 3753 795 3840 quando
815 3772 888 3818 non
911 3765 1023 3815 erant:
1056 3749 1246 3817 nonenim

123 3839 257 3923 semper
284 3834 322 3902 iu
359 3832 592 3902 accidentibus
622 3838 837 3924 apparebant
894 3837 1023 3900 Eadem
1048 3831 1182 3900 ratione
1209 3849 1246 3900 et

81 3918 85 3926 ’
122 3943 222 3988 nunc
252 3917 413 3986 dicuntur
442 3920 521 3996 elle,
559 3934 594 3984 et
624 3920 719 3996 lunt,
753 3933 789 3983 et
815 3940 894 3982 vero
916 3939 955 3984 ac
976 3917 1106 4004 semper
1128 3917 1245 3984 future
1338 3995 1345 4014 ,

123 4005 222 4081 lunt,
252 4003 290 4068 in
321 4019 486 4091 quantum
517 4000 555 4066 in
576 4002 645 4070 iuis
665 4002 769 4070 caufis
788 4001 973 4068 subsistunt.
1015 4003 1244 4088 inquantum

122 4109 207 4154 vero
236 4085 275 4154 in
309 4085 561 4162 accidentibus,
592 4108 679 4176 quae
710 4085 759 4152 eis
788 4084 992 4152 extrinsecus
1022 4082 1142 4151 contin
1190 4099 1242 4162 ¹t,

126 4171 290 4240 dicuntur
311 4170 395 4248 stre,
416 4191 483 4239 nec
502 4185 615 4240 tamen
638 4192 736 4248 vere,
759 4191 825 4237 nec
840 4167 1068 4260 semperlunt.
1097 4170 1142 4237 So
1159 4189 1240 4238 run.-

752 4292 790 4356 ib

1195 4428 1207 4447 s

1204 4458 1211 4490 l
