2952 4824
278 349 280 354 .
306 267 361 337 44
416 213 421 228 ⁴
629 259 685 334 De
704 257 887 332 buteone
900 257 1079 332 »Nouam

306 449 398 518 dicta
417 445 504 513 ratio
525 443 655 533 appetit
670 443 821 516 suadere.
862 447 907 534 D.
929 445 996 512 Sed
1014 443 1137 524 miror,
1158 465 1224 514 nee
1239 465 1325 536 pure
1345 467 1423 538 per·

304 527 422 622 [pido.
467 533 616 594 uomodo
637 527 796 597 diffinitio
817 531 1048 618 cuiuscunque
1068 530 1223 619 essentiae
1241 551 1312 596 nun
1329 530 1424 598 intra

302 616 419 704 ipsam·
441 554 498 678 sed
520 627 611 678 extra
631 611 772 692 dicitur,
792 617 860 681 boo
882 615 938 692 osb
957 613 1070 701 neque
1090 628 1202 680 totum
1222 614 1338 710 ipsiui.
1358 637 1421 679 ne-

303 721 378 787 que
390 717 468 785 part
485 695 553 762 dici
566 697 684 762 vileat.
717 699 768 763 Μ.
787 696 957 764 Attentioi
971 698 1148 784 ergo-ello,
1170 713 1210 762 ut
1224 714 1259 764 et
1268 701 1336 763 lioc
1373 699 1423 764 la·

303 803 349 848 ue
370 781 562 870 cognoscar.
592 783 637 846 D.
660 781 835 866 Quantum
855 783 914 847 lux
931 779 1077 846 interior
1096 780 1254 846 admittit.
1284 783 1336 847 M.
1386 783 1422 846 ic

303 865 448 954 quaeso,
474 883 553 932 cum
575 885 688 928 rerum
709 865 864 930 oninium
886 867 955 930 duo
971 885 1094 952 genera
1107 865 1182 942 sint,
1205 887 1306 930 omne
1324 863 1422 930 enim

303 951 398 1037 quod
410 946 535 1014 dicitur
549 948 622 1023 else,
645 961 704 1011 aut
720 947 850 1014 visibile
867 947 920 1025 esi,
944 963 979 1012 et
995 945 1140 1014 sensibus
1154 947 1326 1035 corporeis
1343 970 1421 1035 per·

301 1031 440 1120 cipitur,
463 1027 673 1118 aubpercipi
693 1033 818 1118 potesta
840 1045 911 1112 iiiut
929 1029 1095 1097 invisibile
1117 1048 1151 1096 et
1170 1030 1422 1119 intelligentiae

306 1119 433 1182 obtutu
458 1115 702 1191 consideratur,
733 1130 793 1180 aut
819 1114 1017 1197 confideriii
1037 1113 1190 1204 possibile
1212 1113 1256 1179 est
1276 1129 1336 1178 aut
1355 1136 1421 1202 per

301 1201 353 1276 se.
383 1211 443 1264 aut
461 1219 524 1286 pei·
545 1197 682 1284 aliquod
702 1197 762 1264 sibi
783 1201 985 1264 adhaerent:
1014 1199 1052 1264 in
1074 1219 1142 1288 quo
1162 1197 1418 1286 praedictorum

301 1303 466 1370 generum
486 1278 701 1368 diffinitionis
723 1283 789 1346 else
809 1281 951 1364 judicet.
979 1353 983 1362 ,
1207 1321 1211 1325 -
1404 1325 1407 1332 ·

353 1375 416 1448 ⁴44.
437 1369 481 1434 D.
501 1363 699 1430 Ridiculum
718 1364 812 1430 illuc.
855 1363 941 1450 Quis
963 1360 1054 1428 enim
1076 1365 1189 1428 locum
1212 1365 1271 1430 seu
1297 1363 1418 1442 finem,

302 1450 360 1550 spu
381 1447 632 1548 diffinitionem,
655 1448 714 1549 squ
729 1445 1328 1547 quilemcunquepcircumscriptiqnie
1345 1449 1419 1535 spe·

300 1531 1421 1762 {2⁰¹2’felt..titilltltzdllltt{diffinisti}

318 1698 428 1765 ueriti
457 1719 536 1765 cum
563 1697 680 1763 videat
708 1698 871 1764 terminer
899 1696 1029 1774 lineae,
1061 1698 1122 1762 seu
1147 1697 1326 1786 trianguli,
1357 1699 1420 1761 seii

248 1804 251 1810 ¹
300 1780 444 1862 alicujus
488 1784 586 1848 lanae
604 1781 773 1847 solidaeve
797 1781 924 1880 figurae
941 1781 1160 1867 incbrporeoo
1181 1781 1273 1847 esses
1302 1781 1420 1846 Punc-

297 1879 357 1930 tui
376 1805 540 1952 siquisem
561 1885 602 1930 cx
619 1885 690 1950 quo
711 1867 801 1928 linea
822 1862 963 1948 incipit,
996 1875 1031 1925 et
1050 1863 1088 1926 iu
1111 1883 1179 1948 quo
1202 1862 1417 1940 terminatur,

298 1968 366 2012 nec
384 1946 476 2012 linea
497 1948 542 2012 ell
562 1967 722 2032 neopum
745 1951 815 2025 ejur
837 1944 902 2020 esl,
932 1945 990 2009 sed
1010 1943 1175 2009 terminus
1195 1946 1316 2011 lineae.
1368 1949 1419 2014 Ac

298 2053 362 2118 pei·
381 2033 448 2096 hoc
466 2032 563 2096 locut
584 2033 656 2112 eiua
676 2049 743 2095 nec
763 2027 860 2092 sensu
905 2023 1084 2116 eicipitur‚
1114 2027 1174 2102 sed
1192 2029 1261 2095 sola
1280 2028 1417 2098 ratione

299 2113 480 2202 cogitatur.
521 2116 673 2180 Functus
695 2109 788 2177 enim
809 2112 866 2174 sen
893 2110 990 2188 bilis,
1020 2132 1100 2209 paro
1120 2109 1231 2178 lineae
1253 2113 1312 2178 eli:
1339 2135 1416 2178 non

301 2215 417 2264 autem
445 2201 518 2278 ciui
545 2193 754 2282 principium
783 2195 841 2258 seu
861 2193 950 2260 finio.
994 2193 1155 2258 Similiter
1176 2211 1211 2280 et
1232 2193 1303 2283 ipsa
1322 2195 1419 2264 linea
1465 2225 1466 2234 ¹

298 2281 445 2346 ratione-
461 2281 613 2344 consulta
634 2277 835 2364 incorporea
856 2275 918 2353 ell,
954 2291 989 2340 et
1009 2278 1054 2340 est
1072 2277 1281 2366 principium
1302 2279 1417 2366 super-

286 2357 400 2428 'ficiet
442 2367 528 2427 lteiu
548 2359 741 2448 superficiei
760 2359 961 2445 incorporea
984 2360 1045 2435 est,
1068 2376 1103 2424 et
1124 2361 1266 2428 eli-finio
1280 2362 1415 2430 lineae:

293 2443 514 2592 {disti
529 2465 624 2591 vili.
637 2439 1036 2590 sptippiqfeppoipp.
1058 2443 1417 2614 destitisti:

299 2575 375 2686 hii’,
404 2609 442 2673 id
463 2611 521 2684 cll,
549 2610 616 2673 sive
637 2547 825 2694 puuctum),
847 2608 914 2672 sive
933 2571 1078 2685 lineim‚
1101 2550 1172 2675 liiiil
1188 2611 1414 2698 superficiem,

299 2691 597 2759 sive'soliditutem
626 2688 790 2770 vifibilem
809 2711 991 2776 corporeus
1014 2693 1126 2758 sensus
1148 2693 1314 2780 attigerit3
1335 2717 1415 2794 pro-

298 2775 435 2844 fectofi
501 2795 538 2838 ae
560 2773 825 2862 incorporalium
845 2795 957 2838 rerum
978 2773 1081 2851 sunt,
1110 2797 1181 2841 non
1206 2799 1320 2842 earum
1341 2781 1416 2864 ipsa

296 2881 377 2926 vera
406 2857 600 2934 sustantia,
633 2879 718 2946 quie
744 2855 945 2954 incorporea
966 2857 1021 2921 est.
1065 2857 1294 2948 Similiterque
1313 2878 1415 2926 natu·

248 2950 249 2961 ¹
296 2943 420 3008 ralium
449 2962 629 3028 corporum
649 2942 715 3006 five
736 2940 900 3004 sensibilia
921 2941 985 3004 lint
1004 2961 1065 3026 per
1085 2957 1221 3006 contem
1247 2943 1413 3010 erantiaiu

294 3029 540 3112 elementorum
562 3023 683 3112 quibui
704 3023 894 3099 subsistunt,
926 3023 992 3086 sive
1012 3023 1197 3089 subtilitate
1218 2967 1269 3089 iiii
1289 3043 1414 3092 morta·

295 3113 345 3176 leo
373 3109 524 3196 fugitent
550 3107 743 3172 contuitus:
772 3107 842 3171 [olo
874 3106 1052 3170 intellectu
1070 3123 1210 3173 naturae
1231 3109 1315 3173 finer
1334 3133 1413 3198 per·

297 3192 496 3280 spiciuntui.
538 3193 658 3256 Forma
687 3188 848 3277 liquidem
876 3209 961 3276 quae
983 3211 1119 3256 omnem
1138 3191 1313 3256 materiam
1337 3215 1412 3259 cor-

191 3338 193 3347 ,
295 3297 435 3362 poream
456 3273 632 3348 continet,
657 3273 856 3372 incorporea
878 3273 932 3352 est.
976 3273 1049 3370 ipsa
1070 3274 1162 3339 enim
1183 3275 1349 3353 materiei,
1373 3278 1414 3340 si-

297 3358 374 3445 quii
396 3358 549 3421 intentui
571 3357 751 3455 aspexerit,
775 3355 1046 3454 euinqorpqreit
1090 3357 1285 3456 utilitatibus
1307 3381 1415 3446 copu·
1465 3391 1466 3398 ι

296 3445 396 3590 lati
412 3441 1058 3620 „ultitiiiiagiiiviitliz
1093 3439 1414 3592 latitantia

296 3607 370 3674 rias
400 3609 443 3670 D.
465 3609 515 3669 Ite
535 3605 673 3693 quidem
694 3609 853 3671 arbitrori
883 3621 918 3669 et
937 3608 987 3669 nil
1008 3604 1132 3672 cerrino
1154 3605 1267 3672 video.

355 3699 409 3771 46.
438 3691 489 3754 M.
522 3691 627 3754 Recte
648 3689 814 3754 aellima'oi
847 3689 905 3762 sed
926 3688 1004 3776 quia
1025 3687 1149 3756 iterum
1171 3711 1278 3778 genui
1297 3691 1413 3756 iurisi-

296 3769 420 3838 bilium
447 3771 487 3837 in
519 3775 643 3839 multae
676 3773 802 3859 species
825 3771 932 3838 dividi
952 3771 1098 3860 potituri
1129 3777 1293 3862 quaedam
1315 3775 1413 3841 euim

297 3854 519 3921 invisibilium
539 3857 618 3920 sunt
636 3877 724 3946 quae
744 3855 952 3944 intelligunt,
976 3871 1011 3920 et
1027 3856 1285 3956 intelligimtiir3
1308 3880 1413 3946 quae·

297 3943 375 4004 dam
396 3961 482 4028 quae
499 3961 611 4028 neque
632 3939 888 4028 intelliguntur,
911 3961 1021 4029 neque
1043 3940 1154 4007 intelli
1201 3957 1260 4006 nti
1281 3940 1319 4006 iii
1343 3965 1414 4031 qiiu

299 4022 411 4110 specie
430 4028 552 4089 horum
573 4021 794 4090 diffinitiones
814 4028 1104 4091 connumerandas
1126 4048 1144 4090 e
1170 4025 1343 4111 cceuseei
1366 4031 1413 4091 D.

298 4111 340 4172 lu
373 4127 412 4173 ea
433 4107 618 4196 profecto,
650 4129 736 4208 quae
764 4106 927 4197 intelligit
948 4121 983 4173 et
1001 4107 1212 4196 intelligitur.
1254 4109 1354 4175 Actio
1375 4109 1415 4174 fi·

298 4189 436 4276 quidem
467 4190 702 4271 diffinitionis,
737 4190 972 4260 ratiocinantis
1001 4191 1288 4282 intelligentisque
1314 4207 1416 4262 uatu-
