3036 4862
524 209 822 322 tater'ttuoeaa.
870 231 881 238 ’
924 205 932 216 ’
992 215 1001 234 ’
1154 235 1234 312 866

115 433 256 509 gerente
280 411 413 487 animua'
432 417 520 490 itero
535 422 619 490 talea
639 421 788 509 impetur
809 417 996 507 accipient,
1017 401 1084 488 lu'ia
1106 423 1232 510 cogita·

117 501 271 569 tiontbua
293 505 482 572 occationea
505 507 547 572 ad
568 506 605 574 id
626 509 718 606 quod
741 505 959 582 deflectatur,
991 525 1068 570 cum
1091 527 1232 592 corpore

117 585 275 674 exquirit.
318 589 394 654 Hoc
415 605 620 660 autemnon
642 613 685 668 nr,
701 590 859 658 omnibus
881 588 949 664 ert,
973 587 1031 654 led
1052 589 1231 684 solummo-

115 671 163 736 do
192 668 230 734 in
258 667 329 747 hia,
365 671 423 758 qui
452 675 529 760 plue
551 673 678 772 captivi
700 673 949 761 disponuntur,
985 669 1231 770 quitationem

115 751 239 821 fervire
269 753 432 844 iacieptea
464 757 632 824 defiderria
653 773 810 833 naturae,
843 777 905 845 per
926 754 1231 832 auxrliummentia

114 833 271 910 libidini.
302 859 388 988 (puae
414 859 475 926 per
502 841 613 906 lenlua
640 839 703 914 est.
735 839 897 906 serviliter
916 839 1148 922 blandiuntur.
1190 845 1229 906 ln

23 940 30 956 ·
114 917 310 1006 perfectiori
335 943 373 986 ua
405 945 485 987 vero
513 945 583 988 non
616 925 659 989 fic
686 923 839 988 efficitur.
883 927 1028 1008 lmperat
1048 923 1140 988 enirn
1162 920 1231 988 ani·

16 1079 18 1084 ,
112 1023 208 1079 anua,
231 1003 365 1092 ratione
387 1020 421 1068 et
442 1027 518 1080 non¹
535 1006 701 1094 pastione,
724 1010 817 1094 quod
838 1005 922 1070 utile
941 1006 985 1070 etl
1005 1005 1048 1070 eli
1074 1027 1151 1072 enat
1173 1029 1231 1072 na·

112 1101 321 1152 tornantem
344 1110 363 1152 e
394 1087 532 1177 vestigio
555 1090 705 1178 seqnitur
726 1089 1001 1177 praecipientem.
1047 1030 1229 1177 &uomodo

111 1189 193 1233 vero
218 1185 283 1242 tren
306 1171 485 1238 lecunrlam
509 1173 647 1242 vitalem
670 1176 831 1240 virtutem
854 1171 1060 1240 differentiae
1077 1174 1163 1240 ratio
1180 1174 1230 1240 in·

111 1251 226 1326 venit,
260 1253 404 1340 primam
427 1256 563 1343 quidem
586 1257 785 1324 nutritivam
809 1259 877 1322 fine
900 1257 1013 1333 sensu;
1050 1257 1229 1324 secundam

93 1334 314 1404 ,nutritivam
336 1338 473 1426 quidem
483 1357 531 1406 'et
552 1341 757 1416 tonitium,
793 1355 963 1428 expertem
984 1361 1065 1406 vero
1087 1341 1238 1408 rationo.

111 1417 192 1484 bilia
214 1421 441 1506 operationia;
463 1424 544 1490 item
568 1425 699 1493 tertiam
722 1423 957 1490 rationabilem
979 1439 1013 1490 et
1033 1425 1230 1522 perfectam,

112 1523 242 1600 perque
271 1525 407 1572 omnem
439 1507 600 1574 virtutem
648 1524 877 1574 enetrantemt
914 1523 953 1572 ut
975 1521 1009 1580 et
1031 1530 1068 1572 nr
1086 1507 1158 1576 ,illia
1180 1509 1232 1582 fit,

113 1601 149 1654 et
183 1587 430 1685 intelligentiae
460 1591 539 1677 plur
569 1532 746 1680 poffideatr
790 1613 891 1658 nemo
919 1613 960 1656 ex
988 1589 1042 1654 bia
1071 1589 1233 1676 opinetur
1293 1666 1300 1678 ¹

113 1683 180 1734 trec
208 1691 335 1738 ammae
367 1674 563 1740 commixtae
593 1677 656 1742 elle
687 1673 722 1740 in
752 1677 900 1740 hnmana
923 1673 1159 1749 concretione,
1192 1673 1229 1738 in

111 1752 259 1846 propriia
281 1754 649 1856 circumscriptionibua
672 1757 903 1824 confidentior
926 1755 973 1820 ita
990 1773 1029 1820 ut
1043 1758 1231 1822 conforma-

110 1837 207 1904 tione
226 1839 408 1904 multarum
432 1863 619 1908 ammarum
640 1845 821 1908 humanam
846 1841 908 1906 elle
933 1839 1133 1916 arbitrorum
1172 1841 1230 1906 leil
1347 1883 1354 1905 .

111 1935 193 1989 tera
243 1921 359 1987 uidem
390 1939 425 1987 et
446 1925 595 2011 perfecta
617 1924 729 1990 anima
750 1947 818 1988 una
839 1923 876 1988 in
899 1940 1018 1991 natura
1042 1924 1102 1998 est.
1131 1921 1231 1988 intel·

109 1945 264 2070 lectualia
289 2005 324 2068 e't
343 2003 595 2084 immaterialia,
620 2029 705 2096 quae
726 2029 786 2092 per
807 2007 920 2072 sensus
944 2005 1109 2072 materiali
1126 2027 1229 2094 copta·
1343 2079 1345 2087 s

109 2088 199 2154 latur
228 2101 378 2152 naturae.
422 2091 597 2154 Materiale
629 2105 741 2154 autem
773 2109 875 2154 omne
895 2087 933 2152 in
956 2089 1174 2154 conversione
1196 2105 1230 2153 et

109 2169 338 2238 mutabilitate
368 2172 513 2257 politum
543 2172 605 2248 ell3
639 2171 801 2258 fibnidem
832 2169 1040 2236 animantem
1067 2170 1259 2238 virtutem·

109 2251 382 2342 participaverit,
404 2259 496 2335 juxta
518 2253 768 2328 incrementum
788 2253 999 2320 movebitur-a
1033 2254 1158 2320 livero
1181 2255 1230 2320 vi·

111 2335 172 2404 tali
201 2359 221 2402 o
249 2335 400 2405 eratione
428 2335 615 2412 deciderit.
646 2352 779 2404 motum
798 2337 835 2402 in
857 2335 1111 2436 corruptionem
1132 2339 1230 2404 relol-
1257 2413 1260 2418 ¹

109 2435 179 2488 vet.
220 2359 274 2492 fic
298 2442 342 2490 tte
371 2419 382 2484 i
410 2417 476 2484 'tur
504 2421 618 2486 lenlue
647 2423 704 2484 aba
729 2442 772 2484 ue
795 2419 961 2502 materiali
984 2421 1140 2496 effentia.
1170 2443 1266 2492 ne»

111 2525 180 2604 qne
199 2442 396 2570 intellectae
411 2503 439 2568 ia
461 2503 598 2568 virtutis
620 2505 688 2570 fine
707 2442 807 2568 ienlu
829 2503 869 2568 lit
890 2503 1075 2590 operatio.”
1112 2507 1151 2569 ln
1175 2508 1231 2570 de·

109 2609 201 2656 camo
229 2586 353 2674 quinto
382 2609 520 2678 quoque
541 2585 691 2672 capitulo
714 2589 868 2654 eundem
882 2587 1015 2652 lenium
1035 2611 1053 2652 r
1098 2586 1161 2652 etit
1182 2587 1232 2653 ‹li-
1277 2615 1288 2636 0

109 2691 215 2738 certat
249 2675 313 2747 „ln
338 2687 434 2757 parte
466 2673 749 2756 quaoameorum
772 2669 917 2758 quaein
936 2669 1039 2736 nobia
1074 2686 1139 2734 unt
1160 2669 1232 2738 ani·

110 2777 188 2820 anua
213 2773 284 2820 non
316 2751 634 2839 comprehenditur,
665 2751 722 2816 led
751 2751 934 2840 aequaliter
955 2753 992 2818 in
1016 2753 1176 2824 omuibus
1197 2768 1232 2818 et

110 2857 172 2934 per
193 2834 308 2900 omnia
322 2835 390 2909 est.
426 2857 471 2900 ne
495 2856 538 2898 ue
561 2833 764 2899 extrinsecae
786 2837 1096 2921 comprehendent,
1118 2857 1163 2898 ne
1187 2859 1232 2900 ue

110 2917 313 2988 rnnintecua
345 2939 481 3002 compre
508 2916 626 2991 enluat
658 2918 742 2984 haec
771 2917 863 2984 enim
891 2916 930 2983 in
960 2917 1053 2985 cadia
1075 2919 1133 2982 seu
1155 2858 1232 2982 aliia

110 2999 535 3090 quibusdan-corporibus
548 2997 618 3064 'fibi
638 2997 789 3068 invicem
809 2999 997 3086 impetitio,¹
1048 3021 1086 3066 ro
1111 2999 1161 3064 rie
1183 3001 1232 3066 dl·

110 3099 248 3152 cnnttrr.
291 3083 365 3170 lpla
393 3099 507 3148 autern
534 3081 772 3148 intellectualia
808 3086 850 3150 ad
881 3103 1002 3168 corpor
1036 3023 1229 3161 essoietaa

109 3166 319 3236 ineffabilem
348 3181 384 3232 et
404 3165 654 3252 intelligibilem
675 3167 778 3230 babet
798 3175 1016 3232 contaetumt
1045 3188 1158 3254 neque
1179 3165 1231 3236 itt·

106 3265 168 3318 'tua
195 3249 353 3326 exilient.
392 3271 464 3317 non
491 3249 582 3316 enirn
611 3247 649 3316 in
679 3269 826 3335 corporey
841 3248 1054 3335 incorporale
1075 3265 1229 3326 tanetum

53 3393 58 3402 .
109 3356 222 3424 neque
244 3350 336 3400 extra
359 3333 639 3420 comprehensor,
670 3331 857 3404 nonenim
879 3331 1232 3419 circumprehenditur
1278 3397 1296 3426 0

109 3413 342 3505 incorporale.
372 3417 430 3482 leo
458 3417 644 3486 secundum
673 3419 843 3502 quendam
869 3417 1011 3482 modurn
1031 3416 1231 3504 superratio-

111 3502 259 3570 nabilem
281 3517 316 3566 et
336 3498 485 3566 inintelli
510 3499 627 3566 ibilem
648 3499 900 3646 appropinquat
920 3497 1053 3572 animur
1077 3517 1229 3576 naturae,

109 3600 149 3650 et
175 3599 351 3672 coaptatur
383 3583 421 3648 in
449 3583 485 3670 ip
549 3598 584 3648 et
604 3581 693 3653 circa
714 3582 751 3672 ip
768 3605 821 3650 am
841 3584 1086 3661 confitentum
1118 3605 1231 3671 neque

110 3665 206 3732 intua
233 3655 359 3754 politut
379 3687 493 3754 neque
514 3664 784 3753 circumplexae,
818 3667 876 3734 led
896 3665 1161 3754 quorirodorion
1186 3665 1231 3732 est

112 3750 296 3820 dicendum
323 3773 435 3850 neque
466 3749 751 3842 intelligendum,
783 3753 1002 3836 praeterhac
1023 3753 1115 3838 quod
1137 3757 1231 3832 juxta

110 3833 288 3921 proprium
305 3837 474 3903 ordinem
507 3833 608 3920 ipsane
638 3833 852 3920 permeabilis
874 3850 1013 3898 naturae
1035 3835 1136 3901 etiarn
1160 3831 1228 3898 ani-
1306 3907 1312 3916 .

110 3937 189 3986 mua
215 3915 332 4006 efficax
348 3917 410 3984 ‚fit
453 3915 489 3982 si
519 3931 631 3988 autent
660 3915 799 4004 aliquod
828 3917 989 3984 delictum
1013 3915 1101 3982 eirca
1122 3917 1229 4004 iplarrt

111 3997 313 4087 contigerit,
337 4001 541 4068 secundum
557 3997 643 4070 illut
672 4013 785 4066 motor
813 3997 1061 4089 intelligentiae
1090 3999 1228 4066 titubat.

111 4087 160 4152 Ac
181 4083 213 4150 st.
227 4099 344 4170 aperte
361 4083 509 4160 diceret,
543 4083 567 4148 fi
591 4094 754 4232 otgatium
777 4085 928 4172 corporla
949 4082 987 4152 in
1000 4084 1123 4169 aliquo
1146 4081 1226 4148 deli·

111 4167 327 4256 qtreritasltet
348 4169 416 4242 all.
436 4167 472 4236 in
496 4166 612 4254 aliptae
656 4166 819 4244 carent.
841 4185 878 4240 et
898 4167 1128 4255 inteffiitatenr
1151 4166 1228 4232 ittae

729 4285 808 4351 23·
