2952 4824
255 225 351 306 ’86
435 303 436 308 ,
633 219 1086 346 Dellivitt'ottaeNttitmte.

191 437 193 450 ·
295 410 345 478 tia
356 427 439 476 vero
454 421 632 478 tueatur-et
647 429 717 478 non
733 423 835 486 creet,
854 408 954 480 tertie
970 423 1108 496 quartae
1125 405 1240 476 firnilie
1256 407 1300 474 'etl
1313 405 1350 472 ln
1364 427 1401 472 eo

283 485 467 583 ”quoduon
474 506 575 570 creat,
588 491 880 564 diffimiliaveroin
890 515 931 566 eo
940 495 1033 580 quod
1042 508 1191 569 creetnrr
1207 489 1305 558 tertie
1317 489 1403 556 euim

297 592 430 650 creatur
443 591 478 642 et
491 597 563 642 non
576 592 675 650 creat.
690 593 807 664 quartu
819 599 901 642 vero
912 597 1024 662 neque
1034 591 1124 642 creat
1132 598 1177 642 ne
1200 595 1244 640 ue
1255 590 1401 639 creatur:

216 665 218 670 ’
297 661 380 726 item
397 674 515 746 quartu
534 659 648 734 finilia
661 659 704 726 ett
712 659 843 746 primae
854 659 935 748 quie
947 680 1017 728 non
1027 675 1196 734 creatum
1227 656 1406 726 earerodi·

297 745 377 810 stare
393 743 540 818 videtur,
567 741 646 830 quia
662 764 735 810 non
750 759 858 820 creat3
880 743 989 830 prima
1006 741 1169 828 liquidem
1184 757 1276 808 creat
1289 756 1323 806 et
1330 762 1405 838 'non

299 842 448 901 creatur,
471 841 587 912 quarta
603 849 684 898 uero
700 849 811 914 neque
830 843 921 892 erent
936 847 1048 911 neque
1060 841 1202 896 creatur.
1225 829 1270 890 Et
1281 846 1358 910 quta
1369 827 1406 887 de

301 907 570 996 oppositionibus
591 926 626 976 et
647 909 923 978 fimilitudinibua
945 911 1053 995 deque
1072 908 1272 976 differentiis
1289 908 1332 972 est
1346 905 1407 972 dic·

299 1009 391 1067 tum,
414 993 653 1061 decorandum
666 993 780 1060 reditu
807 1009 841 1058 et
855 991 1057 1058 collectione
1070 1013 1108 1056 ea
1123 991 1303 1078 disciplina
1313 1011 1406 1088 quant

298 1075 509 1156 lnatyrtcam
530 1072 728 1164 Philosophi
748 1092 876 1144 vocant
889 1123 899 1168 ,
913 1122 916 1133 .
928 1074 1075 1142 breviter
1096 1075 1279 1142 dicendum
1300 1075 1405 1138 uteo.

225 1167 228 1177 '
299 1163 347 1232 D.
375 1161 451 1224 Hoc
503 1179 616 1246 uoque
638 1163 720 1226 ordo
742 1159 872 1249 polcit;
903 1159 997 1226 nulla
1018 1158 1109 1226 enim
1132 1157 1342 1226 rationabilis
1364 1155 1406 1220 di·

299 1243 382 1308 vifio
408 1241 468 1318 est,
516 1265 557 1308 ve
579 1241 735 1308 ellentiae
755 1243 793 1308 in
817 1246 966 1317 Genera,
988 1243 1054 1310 live
1076 1242 1217 1309 Generie
1239 1241 1407 1306 informat

300 1341 336 1390 et
363 1345 542 1402 numeros,
576 1327 642 1392 five
671 1325 777 1404 totius
804 1325 842 1392 in
870 1343 981 1426 partes
1013 1347 1099 1411 quae
1119 1320 1407 1411 proprie-partitio

299 1407 515 1484 nominatur,
539 1409 605 1476 live
626 1407 850 1478 universrtetia
872 1433 910 1474 m
933 1431 971 1474 ea
993 1429 1078 1496 quae
1098 1431 1177 1475 vera
1197 1407 1284 1474 ratio
1306 1405 1343 1472 in
1364 1404 1407 1491 ip·

300 1493 337 1558 io
366 1493 635 1577 contemplatur,
670 1515 755 1579 quae
776 1513 847 1558 non
869 1492 993 1560 iterum
1014 1488 1114 1578 polilt
1132 1490 1241 1578 redigi
1261 1511 1323 1588 per
1346 1500 1408 1554 eoa·

301 1578 379 1658 dem
408 1577 530 1662 gradus
560 1597 621 1674 per
650 1597 735 1664 quoe
765 1574 883 1640 divilio
912 1574 1006 1662 priua
1035 1574 1146 1638 fuerat
1178 1571 1407 1669 multiplicata,

302 1661 413 1724 donee
435 1674 654 1744 pervematur
675 1661 717 1724 ad
738 1657 835 1725 illum
856 1679 964 1722 unum
985 1655 1250 1743 inseparabiliter
1271 1656 1309 1722 iu
1332 1657 1407 1740 serp·

300 1743 337 1808 lo
365 1761 524 1816 manens,
555 1763 596 1806 ex
626 1762 693 1828 quo
718 1739 793 1828 ipsa
821 1739 1154 1825 divilioprirnordia
1174 1741 1246 1806 lum
1273 1739 1326 1804 fite
1358 1739 1408 1802 led

298 1821 394 1908 priue
417 1839 452 1889 et
473 1826 515 1886 de
535 1823 751 1910 Etymologie
772 1823 873 1920 ipstoa
895 1821 1045 1888 neminie
1067 1825 1160 1908 quod
1181 1824 1226 1888 est
1241 1763 1408 1906 inrtyeice

255 1918 259 1930 ’
299 1927 408 1992 pauca
439 1905 617 1984 edillerae‚
648 1928 720 1972 non
743 1928 836 1970 enrnr
857 1905 942 1970 mihi
963 1907 1064 1991 plane
1110 1919 1180 1970 atet
1199 1905 1408 1972 necettrrium

301 1989 365 2054 elle
394 1988 506 2054 video.
550 1991 597 2052 M.
626 1989 803 2071 tnatytiee
831 2010 849 2054 a
879 1991 984 2054 verbo
1010 2010 1129 2072 onayo
1151 1987 1346 2064 derivatur,
1376 1985 1409 2050 id

301 2073 367 2146 eil,
389 2071 521 2150 resolvo
543 2073 596 2140 rel
620 2075 741 2148 redeo;
763 2094 830 2138 arro
851 2071 944 2136 enim
965 2091 1019 2146 re,
1039 2073 1093 2154 lyo
1107 2091 1190 2136 vero
1201 2063 1410 2164 soluoiuter·

325 2169 472 2232 retatur;
503 2153 585 2220 inde
613 2171 647 2218 et
666 2175 793 2222 nomen
815 2153 966 2224 naacitnr
987 2156 1126 2239 analyn.
1152 2156 1252 2239 ‚quod
1272 2153 1312 2220 in
1333 2153 1408 2218 relo-

300 2179 469 2304 iutionem
489 2239 544 2302 vel
566 2237 714 2305 reditum
735 2236 887 2303 fimiliter
908 2236 1068 2313 vertitur;
1092 2237 1150 2302 led
1170 2238 1321 2320 Analyfie
1340 2256 1409 2336 pro·

299 2320 374 2406 prie
410 2341 473 2406 pro
503 2319 720 2389 diffulutione
746 2339 807 2418 prp
835 2321 990 2386 ofitaruna
1017 2319 1248 2407 quaestionum
1279 2321 1407 2396 dicrtur,

298 2401 475 2484 Analytice
508 2403 550 2466 de
581 2401 707 2468 reditu¹
728 2343 900 2468 irmioni·
929 2403 1113 2468 formarum
1142 2403 1184 2468 ad
1204 2402 1408 2491 principium

300 2489 451 2564 eiusdem
480 2482 671 2560 divilioui03
705 2482 816 2550 omnia
848 2483 940 2550 enim
973 2485 1089 2552 divifio
1122 2507 1207 2571 quae
1241 2485 1409 2552 aGraecie

298 2570 466 2632 merismrts
486 2564 627 2641 dicitur,
652 2568 742 2652 quali
764 2568 939 2632 deorsum:
965 2570 1170 2634 descendens
1191 2571 1231 2634 ab
1248 2591 1322 2635 uno
1337 2591 1409 2657 quo·

301 2655 377 2716 dam
401 2646 548 2715 diffinito
571 2651 613 2714 ad
633 2647 789 2714 infinitos
811 2671 971 2720 numeros
991 2652 1145 2727 videtur;
1168 2653 1235 2716 hoc
1258 2653 1304 2718 est
1320 2675 1410 2740 gene-

229 2743 249 2800 ’,
299 2731 456 2800 raliffimo
485 2753 593 2816 utque
627 2734 670 2796 ad
692 2733 707 2794 l
730 2731 969 2800 ecialiffirnum.
1013 2735 1135 2800 Omnia
1159 2757 1240 2802 uero
1260 2739 1410 2804 recollec-

299 2817 349 2882 tio
370 2815 477 2880 veluti
522 2814 637 2880 uidam
657 2837 693 2878 re
733 2829 786 2880 tua
808 2814 932 2882 iterum
954 2815 1219 2904 alpecieliffinto
1237 2817 1408 2895 inchoans,

300 2915 335 2964 et
355 2921 463 2997 usque
485 2837 527 2962 ni
548 2895 828 2984 generaliffimum
848 2901 1043 2978 ascendens,
1063 2901 1240 2982 Analytice
1253 2919 1408 2978 vocatum

252 2985 254 2996 '
299 2983 343 3046 eli
372 2981 478 3068 igrtur
507 2981 636 3048 reditus
667 2997 701 3048 et
728 2981 888 3048 resolutio
920 2981 1178 3050 individuorum
1211 2985 1248 3050 in
1277 2987 1408 3061 tonnas,

298 3067 481 3144 formarum
503 3064 540 3128 iu
562 3087 709 3150 genera,
732 3080 901 3151 generum
916 3066 953 3130 in
975 3064 1107 3157 nufias.
1129 3063 1289 3154 nostorum
1314 3071 1349 3134 in
1370 3070 1409 3132 fa·

254 3217 256 3224 ,
298 3149 463 3246 pientiam
486 3163 520 3211 et
565 3148 776 3227 radantiam,
814 3169 853 3212 eu
875 3149 998 3235 quibua
1018 3151 1129 3216 omnia
1152 3153 1270 3218 divitie
1293 3154 1406 3226 oritur,

248 3263 256 3278 .
299 3255 336 3294 ιη
366 3235 501 3302 eaedern
555 3230 658 3294 nitur.
701 3235 745 3294 D.
777 3232 863 3296 Satia
895 3233 1024 3299 dictum
1060 3239 1102 3299 de
1122 3237 1316 3318 Aualyticea
1336 3240 1408 3318 Ety-

297 3313 465 3399 mologia,
487 3335 590 3399 perge
612 3315 655 3378 ad
676 3329 816 3379 caetera.

360 3414 390 3458 o.
411 3397 459 3460 M.
484 3397 732 3480 Quaternarum
754 3397 868 3484 itaque
889 3397 1136 3484 praedictarum
1161 3401 1345 3472 formarum
1365 3400 1408 3468 bi·

298 3476 352 3542 nia
375 3477 412 3542 iu
435 3499 544 3542 unum
565 3479 784 3555 coeuntibus,
817 3481 877 3544 liat
898 3483 1092 3565 Aualytica‚
1127 3483 1248 3561 idest,
1270 3485 1409 3552 reditiva

298 3559 466 3628 collectio.
509 3561 622 3626 Prima
642 3585 789 3650 namque
811 3579 845 3629 et
866 3581 982 3651 quarta
1004 3589 1112 3632 unum
1131 3569 1229 3643 lunt,
1250 3567 1408 3654 quoniam

298 3645 341 3708 de
370 3647 445 3710 Deo
469 3645 689 3712 solummodo
717 3645 978 3734 intelliguntu13
1014 3651 1057 3712 est
1085 3650 1177 3716 enim
1197 3651 1409 3740 principium

297 3727 451 3792 omnium
480 3749 565 3816 quae
593 3749 612 3792 a
638 3730 672 3794 se
705 3729 843 3796 condita
867 3733 961 3806 lunt,
994 3747 1028 3796 et
1048 3734 1127 3799 finio
1150 3733 1307 3800 omniurn
1329 3755 1409 3822 quae

296 3832 376 3874 eum
404 3827 586 3897 appetunt,
630 3829 669 3876 ut
702 3811 741 3876 in
776 3835 816 3879 eo
848 3814 1060 3882 aeternaliter
1089 3819 1408 3910 immutabiliterque

296 3892 482 3980 quiescant.
517 3896 644 3974 ·,Ceula
683 3896 845 3982 liquidem
885 3897 1039 3964 omnium
1073 3917 1252 3990 propterea
1287 3901 1409 3970 dicitur

295 3997 430 4056 creare,
453 3979 616 4064 quoniam
638 3983 678 4044 ab
701 4003 739 4046 ea
760 3981 957 4046 universrtae
978 4003 1116 4062 eorum,
1141 4007 1228 4072 quae
1247 3987 1320 4072 poll
1341 4007 1410 4050 eam

296 4062 336 4126 ab
359 4081 399 4126 ea
418 4075 529 4128 creata
549 4063 647 4141 tunt,
680 4062 717 4128 in
740 4087 863 4150 genera
881 4081 916 4130 et
935 4065 1062 4164 species
1084 4085 1118 4134 et
1139 4091 1314 4146 numeror,
1332 4067 1409 4134 nit·

295 4142 454 4212 terentiae
482 4167 619 4236 quoque
648 4164 848 4238 caeteraque
867 4169 953 4238 quae
973 4173 1012 4226 ιη
1032 4168 1154 4220 natura
1173 4153 1312 4222 condita
1332 4173 1409 4220 con·
