3048 4856
500 225 609 306 tollet
633 224 790 306 vellat·
1123 228 1208 306 807

94 409 258 486 buerant,
280 425 416 480 eeternt
435 411 534 479 simul
554 427 590 478 et
608 411 699 480 sacta
719 412 794 478 else.
836 407 941 497 Quo'd
959 413 1057 480 raldo
1076 428 1207 480 contra-

93 495 185 562 rium
207 491 352 581 opinor,
385 512 420 561 ct
439 496 579 578 merito;
614 473 798 562 namdraec
818 493 949 560 fibimet
968 495 1129 562 videntur
1149 520 1208 585 op·

90 577 196 666 poni,
221 594 357 644 aeterna
377 579 493 657 sactis,
516 597 550 644 et
570 581 659 648 sacta
680 579 838 646 aeternio.
877 581 974 666 Quae
995 579 1086 646 enim
1105 598 1208 656 aeter-

91 685 140 728 na
161 661 257 738 sunt,
292 685 469 750 nunquam
489 663 665 750 incipiunt
685 680 719 730 et
739 685 915 750 nunquam
936 663 1093 730 desinunt
1112 667 1208 732 subfi-

92 745 195 821 stere;
217 761 253 810 et
273 768 345 812 non
368 764 438 814 erat
459 751 594 835 quando
616 769 688 814 non
712 763 822 823 erant,
846 746 925 834 qnia
946 747 1075 834 semper
1096 765 1207 816 erant:

91 851 180 918 quae
200 849 283 894 vero
304 829 393 896 fecta
416 832 494 896 sunt
555 831 720 919 ’ncipium
736 833 885 898 facturae
898 829 976 895 stiae
994 849 1208 919 acceperunt.

91 917 349 982 inchoaverunt
370 913 462 980 enim
486 855 567 990 eidi
591 914 670 1002 quia
692 932 763 980 erat
784 918 921 1002 quando
942 936 1012 990 non
1036 933 1152 996 erant,
1173 933 1209 982 et
1351 987 1364 1010 ⁶

91 997 249 1062 desinent
276 997 355 1074 else,
390 997 470 1086 quia
498 997 748 1065 inchoaverunt
767 1001 900 1064 habere.
942 1001 1026 1065 Vera
1046 1000 1070 1064 li
1094 1000 1208 1068 uidem
1320 1024 1322 1032 ·

86 1077 226 1146 ratione
249 1082 402 1148 consulta
424 1103 526 1148 omne
548 1085 640 1170 quod
654 1082 779 1170 incipit
792 1083 1056 1182 temporalitere
1083 1107 1112 1160 e,
1135 1107 1207 1150 non

88 1163 214 1230 sinitur
246 1163 377 1252 semper
409 1187 617 1252 permanere.
659 1167 796 1232 Necesse
817 1169 955 1254 quidem
976 1167 1021 1232 est
1041 1170 1085 1234 ad
1105 1167 1210 1234 linem

87 1267 251 1335 vergere,
273 1247 312 1312 in
334 1257 402 1395 Ἑο
423 1248 558 1337 cogitur
572 1251 665 1336 quod
681 1265 834 1337 tempore
848 1249 973 1338 incipit
985 1251 1064 1328 else,
1086 1244 1236 1350 perire?

87 1334 139 1396 Et
168 1351 273 1396 nemo
304 1353 343 1396 ae
371 1331 453 1398 'met
479 1355 535 1406 me
563 1335 651 1400 velle
670 1333 809 1398 suadere
828 1334 976 1400 reditum
998 1335 1041 1400 ad
1061 1335 1209 1401 nihilum

88 1435 213 1480 eorum
257 1435 321 1478 uae
342 1414 573 1502 temporaliter
593 1439 634 1484 ex
653 1418 793 1484 materia
813 1439 875 1504 per
896 1415 1151 1504 generationem
1170 1418 1209 1484 in

87 1501 224 1564 mundo
271 1513 353 1574 unt,
386 1501 454 1564 hoc
477 1499 569 1565 enim
590 1501 758 1566 summum
779 1499 876 1566 fieret
896 1503 1040 1566 malumt
1073 1501 1211 1572 solutio·

86 1603 175 1646 nem
204 1601 286 1646 vero
318 1603 435 1648 eorum
466 1580 503 1648 in
533 1605 572 1647 ea
600 1607 641 1649 ex
684 1584 785 1650 uibus
807 1599 1081 1672 componuntur,
1115 1601 1151 1650 et
1171 1585 1209 1652 in

87 1663 413 1752 quibuesubsrllunt,
426 1664 514 1732 dico.
536 1669 668 1732 Namet
700 1683 1210 1755 umanacorporacaeterorum·

89 1768 164 1834 que
179 1747 382 1827 animalium,
398 1751 480 1814 dum
491 1750 668 1814 solvuntur
678 1751 788 1836 perire
800 1749 979 1818 dicuntur:
1001 1771 1072 1813 non
1082 1767 1155 1818 turn
1165 1753 1208 1816 ad

86 1827 241 1896 nihilum
255 1831 467 1917 rediguntur,
488 1831 598 1896 sedin
616 1831 782 1896 catholica
798 1845 1018 1894 revertuntur
1029 1833 1208 1900 elementa.

88 1917 139 1979 Et
166 1916 234 1979 hoc
265 1914 467 2000 generaliter
495 1917 537 1978 de
564 1912 780 1978 universitate
805 1913 1051 1992 hujusmundi
1069 1913 1211 1980 vifibiti·

89 1995 313 2096 intelligitur,
347 2019 414 2062 nec
443 1995 645 2080 incongrue.
686 1995 775 2060 Nam
805 1993 968 2080 quoniam
997 1993 1208 2082 principium

89 2081 219 2148 essendi
240 2078 391 2165 accepit,
415 2076 572 2142 essentiae
593 2077 672 2140 suae
692 2073 875 2142 terminum
897 2075 1141 2144 inevitabiliter
1156 2101 1209 2144 ac·

91 2181 254 2250 cepturue
277 2161 332 2227 est.
378 2159 476 2226 Sicut
496 2159 590 2224 enim
612 2174 682 2224 erat
725 2159 840 2225 uend'o
860 2180 932 2224 non
955 2174 1042 2234 erat,
1074 2160 1123 2226 ita
1144 2160 1210 2226 erit

90 2249 230 2336 quando
259 2266 332 2310 non
360 2244 443 2320 erit,
473 2239 642 2308 Psalmisla
673 2258 706 2306 te
753 2257 829 2318 nte,
862 2258 1068 2329 aeternoque
1095 2267 1209 2310 rerum

94 2323 546 2414 conditore-proclamante'3
567 2348 670 2408 opera
688 2350 839 2390 manuum
860 2340 993 2390 tuarum
1004 2319 1090 2420 June
1109 2331 1212 2394 coeli:

1285 158 1291 166 ¹
1356 157 1372 190 Ι

91 2413 157 2508 e'pfi
177 2413 352 2500 peribunt,
373 2415 425 2480 :lta
446 2425 557 2482 autern
576 2411 795 2494 permanebis,
819 2409 1091 2562 et'omnepfcut
1107 2411 1209 2504 vesti-

91 2513 237 2566 mentum
263 2509 491 2569 veterascent,
521 2509 556 2558 et
566 2491 661 2599 flent
680 2498 882 2578 opertorium
902 2509 971 2559 mut
1015 2499 1144 2573 ireos,
1174 2510 1211 2562 ee

90 2585 324 2658 mutabuntur3
362 2585 412 2646 sle
429 2593 540 2644 autem
561 2581 648 2644 edem
669 2573 740 2675 ipse
761 2603 812 2654 es,
843 2593 878 2644 et
897 2583 977 2645 anni
996 2584 1050 2648 tui
1068 2604 1135 2646 nort
1153 2581 1209 2646 tle·

65 2669 217 2764 ficiunt.
260 2665 334 2750 lpse
356 2662 458 2728 etiam
481 2663 639 2728 conditor
660 2661 833 2740 omn'um,
860 2666 999 2744 eoelum,
1028 2669 1151 2748 inquit,
1174 2679 1210 2730 et

91 2769 186 2828 terre
205 2747 414 2819 transmeat,
446 2747 550 2812 verda
570 2760 679 2810 autem
700 2771 730 2811 m
791 2771 854 2814 non
876 2753 1050 2814 transient.
1096 2747 1132 2812 si
1153 2769 1210 2812 au·

94 2855 167 2902 tem
187 2830 333 2900 marrima
352 2831 370 2895 s
391 2827 478 2906 atio,
505 2830 798 2916 pulcherrimaque
817 2830 1022 2896 sublimitate
1042 2833 1211 2915 syderum,
1274 2905 1278 2912 ,

95 2933 133 2986 et
160 2913 331 3066 purilh'ma
360 2855 545 2978 iirbtilitate
575 2928 733 2988 naturae,
769 2913 854 2976 llatu
881 2913 1040 2978 aslrorum
1071 2913 1210 2989 conlita,

93 3025 158 3069 cur
173 3023 197 3066 u
225 2995 414 3065 harmonici
443 2995 584 3062 suminio
614 2995 743 3083 semper
786 2997 864 3064 lena
884 3018 961 3082 pare
982 2997 1104 3062 mundi
1123 2995 1213 3096 peri·

94 3103 174 3154 tura
201 3083 259 3160 sit,
300 3081 381 3150 teste
409 3079 471 3146 scri
498 3095 589 3154 tura,
623 3018 785 3166 nunquid
807 3082 999 3166 putandum
1030 3079 1211 3146 intenoree

93 3183 219 3270 parter,
241 3187 281 3232 ac
299 3165 410 3230 multo
432 3104 609 3230 inferiores
625 3163 880 3250 permansurae?
902 3161 1103 3230 Melioribus
1119 3162 1212 3228 enim

95 3247 349 3320 intereuntibus
379 3247 543 3314 inferiora
573 3267 644 3311 non
675 3245 815 3312 interire
845 3245 1048 3334 impoffibile
1080 3247 1142 3321 est,
1157 3261 1213 3324 ,et

97 3339 181 3402 dum
211 3333 363 3398 aufertur
394 3333 488 3416 quod
515 3328 688 3407 continet,
729 3333 821 3418 quod
851 3330 1049 3396 continetur
1076 3350 1214 3394 manere

95 3441 177 3484 vera
205 3438 277 3482 non
298 3413 378 3481 finit
394 3413 501 3496 ratio:
530 3417 599 3480 hoc
618 3429 732 3480 autem
755 3412 899 3478 dicimur
921 3416 963 3478 ad
986 3411 1214 3482 differentiam
1314 3448 1319 3470 t

96 3524 218 3570 corum
249 3519 336 3587 quae
364 3513 499 3563 aeterna
527 3497 607 3561 sunt
637 3499 677 3562 ab
705 3497 759 3564 hie
787 3519 872 3582 quae
894 3495 1091 3562 factasunt.
1132 3497 1214 3562 Non

57 3649 66 3664 ,
97 3584 193 3654 euim
225 3605 329 3671 parra
349 3580 505 3650 distantia
527 3579 571 3644 est
591 3579 682 3646 inter
703 3603 741 3645 ea
763 3601 848 3666 quae
869 3601 934 3646 nec
954 3577 1130 3666 incipiunt
1151 3581 1215 3644 else

95 3691 164 3736 nec
192 3667 365 3743 desinunt,
401 3682 437 3730 et
467 3685 507 3734 ea
534 3685 620 3752 quae
649 3663 815 3730 inchoant
843 3663 907 3728 else
934 3678 969 3730 et
990 3685 1062 3728 non
1080 3664 1217 3752 possunt

95 3755 229 3841 semper
256 3770 465 3839 permanere.
507 3747 587 3812 Non
615 3746 722 3836 igitur
747 3748 817 3814 fine
845 3747 943 3812 cruia
972 3745 1062 3814 aciee
1088 3745 1215 3818 mentio

95 3837 214 3904 minut
236 3834 317 3902 talia
330 3831 448 3910 ‚intelli
473 3830 605 3898 entium
624 3830 868 3919 repercutitur,
916 3833 1032 3898 nando
1056 3825 1089 3896 ei
1112 3846 1216 3896 aeter·

94 3943 143 3988 na
165 3921 228 3986 ell'e
249 3919 361 3996 faeta,
382 3933 418 3984 ct
453 3931 527 3982 acta
549 3931 684 3982 aeterna
703 3918 871 3982 suadetur.
947 3937 1001 3980 am
1021 3935 1093 3982 non
1115 3913 1217 3982 facile

96 4001 303 4072 crediderim
324 4018 359 4068 te
381 3998 572 4069 consentire
591 3999 645 4065 hia
667 3999 727 4087 qui
747 4000 870 4064 volunt
888 3996 1099 4076 intelli'ere‚
1123 3999 1217 4066 ‘mul-

97 4105 133 4156 ta
154 4111 196 4157 ex
215 4087 270 4156 hie
292 4086 488 4176 quaefacta
508 4083 604 4162 sunt,
635 4081 706 4150 imo
752 4105 836 4148 aene
857 4083 973 4150 omnia
1009 4103 1123 4182 emper
1143 4103 1217 4180 per·

98 4175 272 4256 mansura,
306 4191 348 4238 ac
372 4191 435 4258 per
460 4170 528 4236 hoe
555 4167 670 4234 sutura
742 4189 762 4234 e
792 4183 945 4236 aeterua:
979 4169 1076 4234 verbt
1097 4180 1215 4254 gant,
