3048 4856
219 223 246 326 '.
302 149 467 326 aaa,
580 210 1096 362 -oetlaooueaalm
1154 207 1224 216 ”

299 437 418 502 fitoree
438 432 555 511 alunt,
583 447 619 500 et
638 431 676 532 pr
698 453 738 500 ea
758 412 861 511 dovr,
884 447 919 498 et
938 431 977 498 ln
998 431 1048 500 ela
1068 430 1196 502 salvari.
1237 424 1423 500 Gatlaoliei

304 539 441 670 pnoque
461 517 571 618 solent
591 497 772 606 appellari,
793 518 831 584 id
852 516 914 593 est,
936 516 1152 596 Universalia,
1175 514 1304 604 exiplia
1318 517 1423 604 liqui·

302 625 382 753 all
398 601 1423 772 t‘tttl,ltallfhtssl'sshlhh,lithaniis

303 773 384 836 d‘ere
401 769 532 846 fateor}
562 790 642 856 quaa
664 767 898 857 primordiales
920 768 1170 842 causaevfimul,
1204 783 1240 832 et
1258 766 1359 833 semel
1380 767 1422 832 in

227 925 240 932 ,
303 857 408 920 ve'rbo
429 852 500 917 Dei
515 851 620 919 factat
641 856 756 918 nullus
776 851 929 918 fidelium
945 851 1096 928 dubitat,
1120 849 1260 916 audiena
1273 855 1423 939 prophe·

304 941 375 1008 t'am
403 936 574 1002 dicentem
595 939 689 1012 Deo,
720 939 831 1004 omniu
851 940 887 1000 in
902 927 1230 1031 [apientiafecistk
1257 933 1423 1000 frontem·

304 1041 372 1110 que
393 1022 502 1086 sacrae
524 1019 709 1108 scripturae
728 1019 893 1107 aspicieus
915 1043 981 1107 qua
1002 1019 1164 1106 scriptum
1186 1015 1229 1082 eil
1236 1030 1247 1093 ,'
1269 1024 1312 1083 In
1329 1022 1429 1102 prtu-¹

303 1109 395 1190 cipio
418 1099 515 1192 fecit
541 1106 642 1170 Deus
673 1107 796 1170 coelum
827 1119 862 1168 et
888 1117 1020 1168 terram.
1067 1105 1117 1167 M.
1148 1101 1259 1166 Restat
1278 1123 1361 1189 ergo
1379 1117 1424 1166 ut

328 1195 503 1254 uaeramus
526 1191 568 1254 de
589 1188 667 1276 ipiis
713 1187 962 1254 rimortlialib'ua
984 1187 1104 1261 caufia,
1127 1199 1243 1250 utrum
1264 1183 1301 1249 in
1315 1189 1422 1251 verbo

277 1212 362 1356 ,ici
394 1272 436 1336 de
456 1269 566 1336 nihilo
588 1274 667 1336 lunt
687 1213 816 1348 iictuen
852 1294 895 1336 au
915 1273 1046 1357 [emper
1066 1269 1103 1334 in
1126 1291 1166 1334 eo
1189 1283 1303 1346 aranu
1340 1267 1422 1334 etfi

303 1356 373 1422 iem
399 1379 434 1421 er
453 1355 492 1420 in
516 1377 558 1421 eo
579 1371 691 1433 erant,
725 1370 906 1430 non-erat,
941 1357 1078 1442 quando
1100 1375 1171 1418 non
1194 1367 1307 1428 erant,
1335 1353 1422 1416 ficut

302 1380 396 1506 inni
410 1442 569 1516 verbum,
592 1437 630 1506 in
652 1459 720 1526 quo
736 1445 855 1515 erant,
878 1460 950 1504 non
972 1439 1073 1512 erat,'
1105 1439 1311 1534 uandonon
1330 1451 1421 1510 erat3
1516 1449 1517 1456 ’

305 1539 342 1590 et
361 1525 387 1593 li
406 1521 538 1610 semper
557 1524 595 1588 iu
618 1544 658 1588 eo
679 1525 784 1588 verbo
806 1538 921 1598 erant,
954 1459 1125 1608 quomoio
1147 1519 1280 1617 rnaplo
1303 1522 1346 1584 de
1367 1517 1422 1583 ui·

303 1607 377 1673 hilo
398 1603 513 1672 iactae
544 1607 644 1672 lunt:
676 1604 871 1689 nonenim
900 1605 1026 1670 rationi
1049 1617 1232 1679 convenit,
1261 1619 1307 1668 ’ea
1334 1619 1424 1688 quae

291 1691 371 1772 ,iem
399 1713 434 1756 er
455 1705 568 1766 eraut,
592 1693 634 1754 de
654 1689 765 1754 nihilo
787 1689 862 1754 fieri
882 1688 1070 1772 inchoalle;
1093 1687 1171 1752 etii
1193 1683 1268 1773 quia
1287 1685 1422 1760 dixerit,

303 1713 395 1840 iuni
413 1773 519 1838 nihil.
543 1777 585 1840 de
607 1780 675 1848 quo
696 1775 922 1864 iactae'sunt,
959 1773 1088 1856 semper
1110 1785 1199 1866 erat,
1237 1784 1272 1834 et
1291 1771 1424 1856 iamper

305 1849 349 1914 de
371 1845 542 1944 coiectae
563 1845 682 1942 sunt„
697 1866 875 1930 quaeretur
896 1860 937 1922 ab
959 1854 1036 1928 illo,
1059 1855 1118 1915 uhr
1140 1853 1270 1938 semper
1290 1867 1361 1918 erat
1381 1853 1423 1918 il·

189 2001 194 2014 ,
304 1933 367 1997 lud
389 1927 507 1994 nahal?
527 1929 649 1993 Utrum
670 1949 708 1991 ιιι
729 1930 834 1994 verbo
857 1935 930 2004 dei,
953 1937 991 2006 in
1013 1957 1080 2015 quo
1102 1934 1216 2000 omnia
1237 1935 1423 2012 sublistunt,

209 2058 213 2066 ·
305 2034 431 2101 anper
452 2011 485 2076 le
507 2027 598 2076 extra
620 2011 788 2076 verbum?
819 2011 1089 2099 ¹Si·relponderit
1109 2013 1146 2076 in
1167 2020 1272 2085 verbo
1293 2020 1425 2106 semper

308 2113 402 2174 erat,
427 2111 621 2182 opponetur
642 2094 691 2171 ei;
721 2097 801 2160 Non
824 2117 904 2196 ergo
924 2095 1012 2160 nihil
1034 2095 1091 2160 sed
1111 2117 1273 2183 magnum
1294 2099 1425 2187 aliquid

306 2196 400 2256 erat,
434 2179 549 2246 omnia
570 2179 734 2266 liquidem
756 2189 842 2266 quae
862 2203 900 2245 m
920 2182 1024 2244 verbo
1046 2177 1102 2244 dei
1123 2179 1316 2258 subsistunt,
1342 2204 1423 2252 vere

235 2280 238 2301 ¹
305 2283 342 2332 et
360 2263 763 2347 naturalitenlubtistunt.
798 2266 843 2326 Et
862 2264 899 2328 in
922 2263 1042 2328 ordine
1062 2261 1342 2348 primordialium
1345 2287 1423 2333 eau-

304 2349 415 2416 larum
443 2347 744 2412 connumerabitur
772 2349 865 2434 quod
886 2346 981 2410 Nihil
1003 2348 1204 2431 putabatur,
1233 2353 1331 2416 etde
1353 2371 1421 2438 quo

306 2429 423 2498 omnia
449 2431 537 2494 facta
562 2433 757 2495 creduntur.
790 2429 826 2494 si
845 2451 931 2495 vero
951 2445 1041 2494 extra
1063 2433 1206 2494 verbum
1226 2455 1287 2516 per
1305 2435 1340 2498 se
1384 2456 1424 2498 u·

223 2577 226 2584 .
305 2512 430 2582 raverit
457 2512 563 2588 nihil,
594 2515 661 2578 duo
692 2513 863 2600 principia
889 2513 950 2578 fibi
974 2512 1125 2579 invicem
1148 2516 1301 2590 adversa,
1362 2531 1423 2582 cut

305 2619 397 2664 unus
412 2595 690 2668 Manichaeorum
704 2595 938 2666 aestimabitur
958 2596 1097 2683 fingere.
1133 2597 1237 2662 Multi
1259 2598 1423 2685 fiquidem

303 2678 505 2762 secularium
524 2677 807 2766 Philosophorum
828 2681 1011 2746 informem
1033 2679 1206 2746 materiam
1225 2697 1421 2750 coeternum

305 2768 371 2833 deo
392 2765 454 2829 effe
474 2779 700 2851 putaverunt,
724 2765 766 2827 de
809 2787 852 2828 ua
873 2763 998 2831 omnia
1011 2782 1113 2849 opera
1128 2765 1185 2828 lua
1203 2764 1296 2844 fecit,
1318 2787 1422 2854 quam

304 2848 479 2918 materiam
508 2861 685 2934 propterea
714 2787 808 2912 nihii
833 2847 1007 2922 dicebant,
1038 2846 1117 2932 quia
1137 2846 1335 2934 priusquam
1354 2851 1422 2916 for-

304 2955 376 3001 mae
398 2947 433 2996 et
452 2929 579 3018 species
601 2953 619 2995 a
640 2934 714 2996 Deo
737 2931 923 3018 acciperet,
944 2951 1017 2996 non
1032 2934 1231 3016 apparebat,
1254 2953 1294 2998 ao
1311 2933 1421 2998 veluti

303 3005 1419 3185 aa‘asuerumillaqueamur“atu

304 3205 367 3252 nea
382 3123 586 3248 pdolulionee
614 3183 673 3246 lux
702 3123 855 3248 veritatii
877 3181 1033 3270 expulit,
1075 3183 1115 3244 ab
1145 3201 1217 3247 uuo
1246 3182 1420 3270 principio

305 3264 421 3335 omnia
451 3266 513 3329 alle
533 3265 745 3351 praedicant,
776 3281 811 3331 et
830 3265 882 3332 nil
902 3266 941 3330 in
962 3281 1082 3330 natura
1102 3285 1216 3330 remur
1236 3265 1421 3332 visibilium

192 3401 198 3422 ,
306 3367 341 3416 et
371 3347 591 3414 invilibilium
618 3347 785 3425 inveniri,
827 3367 965 3437 quoquo
991 3351 1095 3414 modo
1125 3349 1354 3434 generationis
1379 3349 1421 3415 iu

206 3469 213 3478 ·
302 3431 450 3520 speciem
471 3431 642 3518 propriam
664 3449 835 3520 erumpat,
879 3436 950 3498 uod
968 3431 1006 3496 in
1027 3433 1131 3496 verbo
1152 3431 1219 3496 Dei
1236 3429 1419 3520 unigenito

302 3512 517 3582 aeternaliter
546 3535 619 3580 non
649 3517 776 3581 constat
804 3517 863 3582 sub
893 3513 973 3593 'tui,
1010 3511 1047 3578 iu
1076 3536 1143 3601 quo
1172 3517 1287 3582 omnia
1305 3535 1419 3582 unum

301 3599 400 3674 [unt.
434 3595 612 3686 ipsumque
632 3602 744 3666 Deum
764 3599 993 3687 pronuntians
1014 3599 1144 3666 nullam
1163 3599 1341 3666 materiam
1360 3601 1422 3668 [eu

301 3683 437 3752 caulam
456 3681 682 3752 uuiverlitatia
703 3707 723 3750 a
742 3683 776 3748 [e
797 3683 956 3750 conditae
975 3678 1013 3746 in
1035 3682 1094 3749 [ua
1113 3682 1279 3770 sapientia
1293 3684 1419 3750 extriu·

301 3767 398 3834 iacui
432 3765 609 3852 accepille,
639 3765 718 3855 quia
747 3782 839 3834 extra
866 3767 964 3834 illum
992 3761 1082 3832 nihil
1102 3767 1165 3845 est,
1198 3769 1254 3833 vel
1273 3766 1363 3834 intra
1382 3767 1420 3834 le

301 3850 516 3919 coeffenriale
536 3849 598 3916 libi
617 3850 790 3939 reperille,
814 3855 856 3920 de
877 3871 945 3940 quo
967 3850 1094 3916 faceret
1112 3849 1151 3916 iu
1172 3850 1337 3940 sapientia
1357 3850 1418 3920 lua

304 3933 436 4014 omnia,
460 3954 546 4020 quae
566 3933 642 4000 fieri
659 3936 782 4002 voluit.

366 4028 417 4097 ιε.
443 4015 593 4086 Proinde
618 4039 692 4086 uon
722 4023 821 4088 datur
846 4017 943 4084 loeus
964 4013 1098 4096 nihilo,
1124 4017 1324 4096 necerim,
1352 4034 1421 4086 nee

174 4157 183 4164 ..
278 4100 403 4171 iutra
423 4103 554 4178 Deum3
592 4117 628 4168 et
649 4119 762 4170 tamen
785 4105 828 4178 de
845 4099 960 4166 nihilo*
978 4100 1094 4168 omnia
1116 4101 1249 4182 facille,
1283 4123 1357 4172 non
1378 4102 1420 4171 iu

302 4205 431 4256 vanum
459 4184 619 4254 ereditur.
661 4189 725 4266 Ao,
738 4208 800 4277 per
829 4189 897 4254 hoo
915 4183 1003 4253 nihil
1024 4185 1118 4254 aliud
1139 4189 1239 4258 datur
1256 4185 1420 4277 intelligi,
