2890 4820
137 262 142 272 ·
281 257 329 338 rt
618 257 1073 376 noaannnama.

283 443 398 516 cunia
416 444 608 515 sannorum
628 447 853 536 expositorum
873 447 1018 514 Sanctae
1043 447 1067 513 8
1105 443 1116 466 “
1142 459 1238 516 turae
1251 445 1414 516 versatur

279 528 447 609 intentio,
482 527 561 596 satia
591 543 631 595 ut
652 531 795 600 arbitror
838 529 1082 598 raesentialiter
1125 543 1233 623 ictupa
1247 532 1310 598 est.
1358 537 1408 598 D.
1436 545 1439 554 ’

280 614 368 680 datia
389 615 501 702 plane.
543 617 772 681 Veruntamen
791 555 932 714 pianiut
954 612 1072 682 audire
1091 614 1199 684 velim
1212 615 1411 690 ,dehabitu

248 705 253 728 '
280 697 385 765 trium
417 696 610 764 divinarum
643 699 908 764 substantiarum.
948 698 1081 764 Poterit
1101 697 1195 766 enim
1215 699 1292 788 quic
1312 701 1411 768 haec

279 780 416 866 mystica
438 775 579 846 Sanctae
600 780 779 848 Trinitatis
800 781 957 871 nomina,
978 783 1115 848 Patrem
1134 781 1203 847 rin.
1217 791 1258 848 'ct
1270 782 1411 850 Filium

280 881 316 932 et
343 861 509 951 Spiritum
534 867 714 942 Sanctum,
744 885 817 932 non
845 865 1032 932 secundum
1052 863 1309 944 habitudinem,
1343 867 1412 935 scd

148 995 151 1003 ι
280 951 467 1014 secundum
492 964 649 1014 naturam
676 947 839 1036 accipere.
880 951 980 1014 Pater
1002 948 1097 1014 enim
1116 947 1317 1016 substantiae
1341 973 1408 1038 pa·

279 1032 341 1098 tric
368 1051 495 1096 nomen
529 1033 592 1097 effe
612 1031 761 1098 videtur.
806 1030 971 1098 Similiter
991 1037 1027 1098 et
1047 1027 1154 1099 Filius
1175 1055 1304 1100 nomen
1325 1035 1411 1100 sub·

278 1112 418 1182 stantiae
440 1111 521 1191 filii,
544 1113 691 1203 Spiritus
705 1135 842 1204 quoqne
855 1114 972 1182 Sancti
986 1115 1198 1195 nominatio,
1221 1138 1294 1184 non
1306 1115 1411 1184 alind

280 1213 416 1300 praeter
433 1197 789 1287 'subtantiam-tpfiua
808 1199 983 1288 fignificat.
997 1202 1074 1279 ,·Μ.
1105 1199 1259 1268 Fortaffie
1281 1217 1317 1266 et
1338 1221 1412 1267 noa

280 1281 433 1382 idipsum
455 1285 591 1348 credere
613 1297 714 1370 atque
734 1283 925 1348 sateri¹non
945 1281 1200 1372 negaverimua,
1222 1284 1248 1348 fi
1269 1285 1303 1349 S.
1320 1286 1412 1349 Gre-

280 1364 369 1454 goni
391 1363 560 1453 Theologi
581 1367 709 1432 summa
728 1365 999 1453 venerabilicquc
1021 1365 1200 1443 autoritas,
1232 1388 1411 1455 vaneque

278 1448 422 1598 {23¹¹}ss
443 1445 669 1599 iiiiiiiiz
686 1447 949 1598 tittddtti
965 1450 1269 1600 tittttidt'tt
1282 1453 1410 1602 tii?

278 1617 430 1684 sentibus
457 1617 684 1704 interrogatam
715 1616 795 1681 esset
814 1619 857 1682 dc
876 1618 944 1700 ipoc
963 1616 1123 1690 nomine,
1156 1621 1250 1718 quod
1272 1618 1317 1683 est
1336 1619 1408 1684 Pa·

278 1714 348 1780 ter,
370 1713 486 1765 utrum
509 1715 650 1765 naturae
671 1699 711 1764 fit
730 1721 773 1764 an
796 1720 816 1765 o
843 1698 1048 1764 erationiafi
1083 1700 1299 1779 'ifiatrvum,‘
1313 1699 1410 1766 divi·

277 1781 683 1961 netz,
698 1723 906 1948 nteit
920 1783 1408 1960 ‘enitentem

531 1912 541 1940 2
913 1911 923 1941 9
1305 1941 1308 1948 .

275 1950 451 2018 kindinis.
495 1949 532 2014 Si
555 1949 647 2015 enirn
665 1950 885 2036 responderet
903 1965 1045 2016 naturae
1071 1971 1199 2018 nomen
1221 1954 1303 2030 esse,
1334 1955 1407 2018 Pa·

277 2049 385 2111 trem,
407 2032 460 2098 illi
480 2032 648 2099 continuo
669 2034 906 2120 sequerentur,
929 2032 1150 2121 dicerentque
1169 2035 1321 2102 imiliter
1344 2037 1408 2102 Fi·

276 2119 364 2184 lium
383 2137 511 2182 nornen
534 2117 598 2182 esse
618 2132 776 2182 naturaet
798 2117 823 2180 fi
844 2133 958 2182 autem
978 2119 1046 2184 hoc
1068 2121 1225 2197 daretur,
1253 2121 1406 2185 necessa·

217 2259 218 2266 ,
257 2191 329 2268 Jrio
351 2201 560 2289 sequeretur,
583 2200 720 2265 alteriue
741 2213 882 2284 naturae
902 2215 999 2288 pater
1013 2201 1075 2265 esse
1090 2222 1242 2278 nomen,
1259 2201 1405 2269 alteriue

275 2283 387 2360 iilius,
421 2283 459 2348 in
486 2305 557 2346 una
585 2281 678 2348 enim
710 2285 896 2368 eademque
925 2297 1047 2351 natura
1069 2286 1137 2350 duo
1159 2285 1301 2351 nomina
1323 2307 1344 2350 a
1369 2289 1407 2352 se

275 2363 428 2433 invicem
457 2365 649 2430 differentia
679 2363 754 2430 fieri
774 2387 847 2429 non
868 2368 1024 2452 possuntt
1059 2387 1099 2432 ac
1119 2390 1181 2456 per
1200 2372 1269 2435 hoc
1291 2371 1406 2436 confi·-

276 2465 411 2524 cerent,
443 2450 578 2514 Patrem
607 2463 641 2511 et
669 2447 796 2512 Filium
823 2444 1060 2550 irepoocinue,
1092 2455 1160 2520 hoc
1181 2453 1227 2516 cst
1247 2451 1407 2520 diversae

278 2531 435 2600 essentiae
465 2531 524 2595 seu
554 2545 695 2596 naturae
729 2532 803 2595 else.
854 2533 1018 2598 Similiter
1049 2537 1092 2600 de
1117 2534 1317 2634 operatione
1348 2559 1406 2602 re·

171 2626 172 2637 ¹
276 2616 436 2704 sponsum
464 2614 522 2690 est;
553 2635 632 2678 nam
655 2613 679 2677 fi
701 2616 836 2679 daretur
857 2617 924 2692 eia,
958 2617 1166 2704 operationis
1188 2639 1316 2684 nomen
1336 2621 1404 2688 Pa·

276 2715 329 2766 ter
341 2699 414 2776 effe,
437 2696 611 2762 confestim
621 2699 873 2776 concluderent,
895 2699 1021 2766 Filium
1032 2703 1096 2766 effe
1104 2718 1301 2779 creaturam,
1316 2723 1404 2771 cum

273 2786 375 2851 Pater
387 2779 594 2868 operationis
613 2783 679 2845 hoc
695 2781 739 2844 eli
753 2781 934 2852 creationis
943 2783 1021 2849 suae
1029 2805 1156 2850 nomen
1166 2787 1230 2850 esse
1239 2788 1404 2854 concedi·

276 2883 342 2932 tur.
365 2869 408 2930 D.
421 2863 1229 2950 Hocresponsumlaudabilceisecertiffimumcsi,
1245 2885 1279 2934 ct
1289 2891 1404 2938 exre·

274 2949 376 3018 ritate
384 2946 595 3035 inspiratum,
606 2948 774 3034 sedpaulo
785 2949 990 3036 locupletiua
998 2952 1205 3019 considerare
1214 2955 1400 3032 dcbenaua;

274 3055 355 3100 nam
382 3047 424 3096 ut
450 3029 537 3097 mihi
564 3029 722 3109 videtur,
753 3051 826 3097 non
858 3033 1025 3100 continuo
1048 3057 1127 3100 eum
1146 3039 1403 3123 reprehendere

273 3119 423 3206 possent,
453 3115 513 3180 etsi
545 3114 674 3180 diceret
701 3117 836 3181 Patrem
865 3137 993 3182 nornen
1018 3134 1159 3183 natiuae
1181 3119 1254 3186 esse.
1299 3121 1402 3208 Quid

275 3200 394 3266 enims
416 3197 577 3285 uunquid
598 3199 666 3264 duo
688 3197 847 3275 nomina,
872 3220 891 3265 a
910 3201 945 3264 sc
965 3200 1117 3266 invicem
1129 3203 1212 3268 sono
1232 3221 1306 3268 non
1321 3205 1402 3270 sen-

272 3282 314 3348 su
334 3281 570 3368 discrepantia,
579 3279 618 3346 in
641 3302 711 3346 una
732 3284 933 3431 eademqp03
955 3299 1076 3348 natura
1086 3283 1234 3384 intelligi
1243 3307 1317 3351 non
1335 3311 1401 3354 va·

271 3365 372 3433 lent?
395 3386 476 3430 cum
496 3366 663 3430 Abraham
686 3381 721 3430 at
740 3366 847 3442 Isaac,
899 3381 1005 3432 atrcm
1025 3367 1092 3432 vin.
1113 3383 1148 3432 ct
1161 3367 1271 3434 saltum
1286 3389 1402 3440 unam

273 3464 431 3516 naturam
451 3446 637 3536 significare
656 3448 852 3526 videamur,
883 3447 955 3515 non
979 3451 1071 3516 enirn
1092 3450 1230 3518 alteriue
1249 3467 1401 3522 naturae

273 3555 402 3600 nomen
418 3531 468 3596 est
488 3533 672 3620 Abraham,
693 3531 829 3598 alteriue
850 3535 957 3609 isaac,
980 3535 1038 3598 scd
1057 3534 1160 3601 uniua
1182 3551 1284 3624 atque
1306 3541 1401 3617 ejuc-

276 3619 366 3683 dem.
408 3616 459 3680 M.
481 3617 586 3680 Recte
608 3613 756 3694 diceres,
789 3615 984 3682 sifimiliter
1005 3615 1043 3682 in
1065 3621 1133 3684 hoc
1152 3633 1213 3684 tuo
1236 3623 1400 3718 exemplo

273 3701 317 3766 de
346 3699 512 3765 Abraham
528 3712 575 3762 ,ct
603 3699 693 3765 Isaac
723 3697 885 3766 affirmffe
904 3701 1052 3777 valeret,
1087 3705 1181 3800 quod
1200 3721 1272 3768 non
1297 3705 1400 3772 aliud

272 3781 439 3870 significat
457 3784 624 3860 Abraham
644 3785 704 3850 seu
724 3785 829 3863 lsaao;
854 3799 888 3850 et
908 3782 1001 3848 aliud
1021 3785 1046 3850 fi
1094 3785 1187 3850 rsicat
1207 3785 1245 3849 in
1264 3785 1313 3851 eia
1329 3788 1400 3854 Pa·

272 3881 326 3931 ter
346 3865 503 3932 etsiliua.
535 3869 622 3932 Nam
642 3870 817 3934 denticant
839 3884 875 3932 et
892 3887 1053 3933 nomene
1092 3867 1395 3955 influa-Abraham,

273 3963 309 4015 et
335 3951 435 4016 Pater
459 3970 587 4016 nornen
617 3951 661 4017 cst
694 3951 805 4019 eidem
828 3953 1005 4020 Abraham.
1048 3950 1211 4020 Similiter
1232 3969 1267 4017 et
1286 3955 1395 4032 Isaac,

272 4047 309 4100 et
328 4055 456 4100 nomen
477 4033 523 4100 est
543 4034 650 4114 Isaac,
682 4051 718 4100 et
736 4035 827 4102 filine
837 4051 975 4102 *nomen
998 4035 1042 4100 est
1062 4035 1173 4102 eidern
1193 4035 1299 4102 isaac:
1330 4039 1398 4105 sed

251 4139 344 4194 ,non
376 4121 421 4184 dc
444 4121 562 4186 eadem
588 4141 625 4186 rc
652 4119 819 4187 Abraham
836 4135 886 4186 et
899 4136 1017 4220 pater,
1050 4120 1108 4185 seu
1129 4121 1274 4196 linacet
1294 4120 1396 4189 filiun

219 4245 221 4252 r
270 4201 520 4291 praedicantur.
561 4204 651 4275 Nam
679 4205 723 4273 de
751 4203 931 4274 tnbtcnna
960 4207 1144 4283 Abraham,
1180 4203 1220 4272 id
1244 4203 1315 4285 est,
1344 4209 1396 4274 de
