3048 4856
563 285 671 357 uta
688 271 850 368 'nonu
923 289 926 295 ·
1017 302 1028 333 r
1187 285 1262 364 rte

139 486 305 534 nummo·
336 471 373 534 in
393 471 557 547 monade.
588 488 623 538 et
647 485 764 538 omnea
786 470 893 538 lineat
914 469 958 536 in-
972 485 1091 548 tentio
1111 485 1258 538 aeterna·

136 551 220 616 liter
242 567 277 616 et
301 552 517 619 uniformiter
536 555 712 620 subsistere.
755 558 800 620 Et
821 553 975 644 quamvie
998 571 1077 622 aetu
1098 569 1175 620 eto
1202 578 1258 621 ere

137 636 352 701 numerantie
375 653 409 702 et
430 637 590 705 lineantis
610 640 648 704 in
669 637 779 705 variae
799 661 1018 706 numerorum
1032 637 1159 740 speeies
1173 580 1258 726 Egu-

135 739 259 804 retque
288 721 497 808 formentur,
528 725 657 810 semper
689 739 802 791 tamen
830 723 867 789 in
888 723 1068 812 principiis
1098 719 1185 799 suit,
1219 721 1257 788 in

136 805 286 867 monade
308 803 415 877 dico.'
430 821 463 869 et
485 822 620 882 centro,
645 805 861 872 uniformiter
875 821 1093 894 permanent,
1116 827 1182 872 nec
1196 827 1257 870 un·

138 905 250 983 quam·
270 887 339 950 line
375 887 423 952 eie
440 888 610 985 principia
631 889 871 978 intelliguntur
892 891 1006 966 fuisse,
1035 911 1101 954 nec
1122 887 1159 952 in
1180 887 1258 975 ipsu

133 968 320 1116 pprncrpiit
342 970 416 1034 lieri
438 975 626 1049 inchoasse,
650 989 684 1037 et
706 976 787 1039 dum
808 979 848 1040 ab
867 973 915 1040 eie
931 970 1167 1060 multipliciter
1180 991 1257 1058 pro·

183 1067 269 1150 qne,
307 1054 471 1120 uniformi
504 1071 615 1120 tamen
636 1055 769 1122 ratione
790 1074 927 1123 aeterno
949 1073 1050 1146 atque
1070 1057 1258 1120 incommu·
1315 1063 1320 1070 '

134 1137 234 1199 tabrlt
257 1135 341 1200 siatu
365 1136 411 1200 itt·
427 1137 475 1204 eie
498 1139 652 1204 essenon
677 1141 843 1206 definunt.
885 1145 933 1206 M.
956 1139 1136 1205 Simillimo
1159 1136 1256 1204 veris·

131 1218 285 1316 fimoque
319 1220 397 1284 usue
428 1243 462 1284 ea
493 1225 665 1310 exemplot
701 1223 889 1289 testimonia
923 1245 1059 1313 quoque
1089 1239 1124 1288 et
1147 1223 1258 1287 sacrae

132 1301 322 1386 scripturae
343 1319 377 1367 et
400 1304 568 1370 sacrorum
590 1323 725 1392 patrum
738 1308 863 1371 omnia
884 1308 921 1372 in
945 1311 1009 1372 deo
1035 1307 1098 1372 elie
1117 1321 1254 1371 aeterna

132 1383 336 1471 perhibent,
376 1387 569 1473 Apostolus,
610 1395 647 1454 ln
679 1411 748 1488 quo
785 1391 949 1465 vivimus,
980 1389 1112 1477 inquit,
1142 1409 1257 1454 move·

134 1489 232 1543 mur,
266 1485 301 1532 et
323 1469 447 1534 iumue.
492 1476 531 1536 ln
560 1474 623 1538 deo
648 1495 740 1538 emm
761 1475 874 1538 sumua
896 1495 957 1560 per
978 1474 1199 1539 excellentem
1222 1485 1258 1537 et
1298 1529 1302 1542 ⁴

133 1566 217 1614 ante
242 1550 435 1616 existentem
458 1553 589 1642 inipso
611 1557 740 1620 nostrae
762 1556 918 1621 essentiae
933 1555 1122 1636 rationem3
1136 1575 1257 1620 more·

115 1655 212 1698 -mur
234 1650 346 1698 autem
368 1633 405 1699 in
429 1639 492 1702 deo
505 1639 700 1708 ,secundum
730 1643 989 1726 praecedentem
1005 1633 1049 1704 in
1070 1638 1082 1702 i
1110 1638 1144 1702 so
1165 1640 1255 1702 bene

134 1717 260 1782 essendi
289 1716 456 1782 rationem
488 1741 549 1805 per
574 1721 718 1786 virtuter
750 1725 859 1787 bonae
891 1722 1047 1788 actionie.
1119 1741 1195 1784 orro
1216 1719 1255 1784 in

133 1802 202 1863 deo
231 1799 376 1864 ririmue
414 1803 599 1866 secundum
621 1805 880 1888 praecedentem
900 1805 938 1866 in
959 1803 1032 1888 ipso
1056 1803 1186 1887 semper
1206 1801 1256 1864 ri·

130 1882 237 1948 vendi
272 1900 307 1947 et
330 1882 491 1948 existendi
512 1885 699 1960 rationem
737 1901 771 1948 et
792 1907 837 1949 ne
859 1885 934 1970 quie
956 1886 1140 1948 aestimaret
1161 1883 1254 1948 aliud

129 1986 197 2030 noe
228 1965 291 2030 eise
324 1981 358 2029 et
379 1966 472 2031 aliud
492 1968 617 2032 nostrae
640 1967 806 2040 rationes,
839 1989 912 2032 non
935 1967 1021 2031 dixit
1042 1967 1079 2029 in
1125 1986 1170 2029 uo
1193 1985 1254 2032 no·

69 2099 82 2114 .
129 2049 214 2112 strae
233 2048 384 2114 rationet
405 2049 552 2123 vivunt,
576 2063 831 2122 emerentur,
855 2063 890 2112 et
910 2050 1004 2123 sunt;
1029 2051 1086 2112 sed
1102 1988 1197 2112 ‘dixit
1213 2047 1251 2112 in

129 2153 201 2219 quo
227 2131 378 2196 vivimus
410 2147 445 2196 et
478 2151 671 2206 movemur,
710 2147 746 2194 et
766 2132 902 2206 sumut;
935 2129 1023 2194 nihil
1046 2129 1138 2216 enim
1159 2129 1253 2195 aliud
1281 2163 1289 2178 ·
1324 2173 1340 2182 -

128 2233 195 2280 noa
215 2216 349 2289 samua.
372 2213 409 2278 in
431 2230 597 2362 quantum
618 2215 749 2287 sumus,
773 2213 834 2278 nili
855 2213 945 2300 ipsae
957 2211 1107 2277 rationes
1123 2213 1251 2277 nostrae

129 2298 346 2362 aeternaliter
366 2297 403 2361 in
456 2319 496 2362 eo
524 2297 727 2364 substitutae.
771 2298 914 2360 Sanctus
944 2296 1028 2360 item
1048 2294 1251 2382 Augustinue

128 2381 169 2446 in
191 2380 365 2468 opusculis
388 2379 453 2444 suis
476 2380 682 2467 operationis
703 2377 851 2444 Divinae
868 2379 1132 2468 quadriformem
1149 2377 1250 2444 ratio·

128 2487 211 2530 nem
243 2487 282 2530 ex
309 2485 438 2540 onena,
477 2466 622 2530 secunde
646 2464 682 2527 in
706 2464 801 2528 verbi
828 2464 883 2528 dei
906 2463 1156 2550 dispensatione
1177 2483 1249 2525 nou

129 2550 237 2622 sacta,
277 2489 333 2612 sed
361 2563 511 2611 aeterna·
529 2549 591 2612 elie
625 2546 788 2626 affirmat3
823 2545 883 2611 ubi
904 2567 975 2610 non
999 2547 1105 2610 solum
1127 2545 1248 2618 secula,

127 2653 249 2696 verum
281 2630 383 2695 etiam
413 2628 527 2694 omnia
557 2631 679 2717 quibua
707 2632 817 2694 secula
848 2645 882 2694 et
902 2645 1111 2716 peraguntur
1132 2645 1166 2692 et
1186 2626 1248 2692 im·

127 2717 286 2802 plentur,
311 2711 422 2777 voluit
443 2712 600 2799 intelligi.
647 2717 831 2794 Operatio,
868 2713 1000 2798 inquit,
1029 2714 1145 2774 divina
1165 2731 1248 2796 quae

135 2794 244 2888 [ecula
272 2799 401 2860 meavit
423 2811 457 2859 et
476 2795 655 2879 gubernat.
683 2790 905 2886 quadriformi
924 2799 1054 2858 ratione
1072 2793 1247 2881 distingui·

130 2897 197 2947 tur.
238 2884 351 2945 Primo
406 2881 471 2944 uod
492 2882 533 2942 in
560 2881 654 2942 verbi
673 2881 729 2941 dei
750 2871 1012 2964 dispensatione,
1043 2897 1108 2940 non
1125 2866 1246 2962 saeta,

124 2961 196 3059 sed
215 2981 349 3028 aeterna
359 2903 462 3052 fine.
486 2966 543 3046 qui
563 2987 622 3026 nos
645 2960 802 3050 Apostolo
825 2960 909 3051 teste
929 2973 1008 3021 ante
1028 2973 1182 3040 tempora
1192 2950 1245 3049 se·
1272 2999 1277 3024 ι

134 3051 261 3112 cusoria
284 3043 551 3136 praedistinavit
573 3052 607 3109 in
628 3065 781 3128 regnum
811 3044 892 3108 item
922 3039 1004 3106 alibi
1033 3043 1075 3105 de
1096 3037 1247 3104 trinitate
1276 3085 1285 3097 .

134 3131 303 3206 scribent,
325 3132 457 3196 verbum
479 3129 552 3194 Dei
572 3129 703 3215 inquit,
733 3153 793 3211 per
812 3129 899 3212 quod
912 3118 1116 3218 factasunt
1137 3125 1247 3206 omrqia
1355 3164 1365 3184 t

132 3217 190 3280 ubi
221 3215 530 3282 incommutabiliter
557 3219 676 3277 vivunt
704 3217 830 3285 omnia,
867 3231 930 3274 non
941 3203 1050 3300 solum
1072 3229 1155 3293 quae
1165 3199 1246 3298 fue·

130 3314 227 3373 nint,
265 3321 376 3364 verum
407 3302 507 3362 etium
535 3319 618 3379 quiae
638 3291 765 3385 fretrrra
786 3291 889 3391 sunt:
927 3316 986 3354 nee
1014 3306 1084 3355 tum
1112 3294 1145 3354 in
1173 3283 1246 3384 ipso

120 3382 291 3476 suerunt,
333 3407 392 3445 nec
417 3377 543 3469 fertura
570 3375 674 3471 sunt,
706 3373 774 3472 sed
812 3377 1043 3446 tantummodo
1065 3371 1174 3468 sunt:
1212 3388 1245 3436 et

129 3471 241 3535 onnia
275 3489 370 3530 rmum
383 3459 487 3556 sunt,
520 3479 553 3526 et
574 3468 681 3546 magis
701 3487 795 3526 unum
817 3461 875 3609 eli.
918 3463 1003 3524 stem
1025 3459 1062 3523 in
1083 3461 1246 3522 Examero

133 3557 176 3618 de
206 3556 281 3616 Deo
310 3553 425 3614 verbo.
469 3551 591 3626 Aliter,
622 3545 752 3633 inquit,
773 3542 819 3638 su
871 3538 943 3632 ipso
961 3539 1062 3632 sunt,
1096 3565 1135 3604 ea
1162 3563 1247 3624 qnae

131 3657 194 3718 per
215 3631 321 3726 ipsum
332 3627 440 3726 facta
451 3629 552 3728 sunt,
574 3633 671 3695 aliter
692 3635 726 3694 in
748 3625 821 3728 ipso
835 3621 917 3776 [unt
939 3649 979 3690 eet
999 3649 1082 3713 quae
1098 3619 1243 3714 ipseels.

133 3723 313 3806 Tanquam
342 3733 456 3804 aperte
486 3715 630 3790 dicerem
665 3714 835 3778 Alitersu
884 3711 944 3775 illo
972 3712 1050 3775 sunt
1083 3711 1247 3794 (lumper

134 3801 389 3892 generationem
422 3800 510 3865 faeta
534 3800 571 3864 in
594 3795 792 3898 generibus,
810 3847 813 3854 ,
828 3812 863 3860 et
886 3795 1024 3869 sormit,
1057 3791 1144 3857 socie
1165 3811 1246 3877 quo·

135 3909 222 3972 que,
266 3891 315 3956 e'tx
339 3883 548 3971 temporibus
576 3881 751 3946 visibiliter
777 3901 838 3966 per
866 3877 1040 3942 materiem
1067 3889 1247 3963 apparent3

136 3967 232 4036 aliter
262 3968 301 4036 in
331 3968 343 4032 i
370 3969 404 4034 so
431 3968 509 4032 sunt
538 3969 619 4031 dum
647 3963 684 4028 in
706 3961 989 4051 primordialibue
998 3981 1111 4025 rerum
1132 3957 1245 4030 causta,

133 4075 221 4141 quae
242 4074 315 4119 non
351 4053 443 4118 olum
464 4051 502 4115 in
523 4055 597 4116 Deo
609 4096 620 4128 ,
641 4070 761 4114 verum
782 4046 884 4112 etiam
905 4049 1000 4110 Deua
1021 4043 1120 4115 sunt.
1143 4056 1246 4106 aeter·

131 4137 258 4203 naliter
277 4134 535 4224 intelliguntur:
565 4149 600 4199 et
619 4131 698 4198 ideo
722 4131 787 4210 ait,
820 4151 966 4216 eaquae
987 4127 1059 4216 ipse
1078 4125 1141 4224 eli,
1173 4143 1247 4188 nou

50 4277 60 4294 .
133 4223 228 4310 quod
247 4219 313 4286 alia
335 4220 413 4299 fint,
444 4240 536 4308 quae
556 4216 593 4284 in
615 4219 691 4284 Deo
712 4215 814 4292 sunt,-
830 4228 867 4280 et
884 4217 978 4282 Deua
999 4211 1064 4277 elle
1084 4211 1246 4276 drountar
