<?xml version="1.0" encoding="UTF-8"?>
<!DOCTYPE html PUBLIC "-//W3C//DTD XHTML 1.0 Transitional//EN"
    "http://www.w3.org/TR/xhtml1/DTD/xhtml1-transitional.dtd">
<html xmlns="http://www.w3.org/1999/xhtml" xml:lang="en" lang="en">
 <head>
  <title>
</title>
<meta http-equiv="Content-Type" content="text/html;charset=utf-8" />
  <meta name='ocr-system' content='tesseract 3.04.00' />
  <meta name='ocr-capabilities' content='ocr_page ocr_carea ocr_par ocr_line ocrx_word'/>
</head>
<body>
  <div class='ocr_page' id='page_1' title='image "./dedivisionenatu00eriggoog_0512.png"; bbox 0 0 2866 4822; ppageno 0'>
   <div class='ocr_carea' id='block_1_1' title="bbox 440 223 1138 334">
    <p class='ocr_par' dir='ltr' id='par_1_1' title="bbox 440 223 1138 334">
     <span class='ocr_line' id='line_1_1' title="bbox 440 223 1138 334; baseline 0.001 -38"><span class='ocrx_word' id='word_1_1' title='bbox 440 227 547 298; x_wconf 75' lang='lat' dir='ltr'>Liber·</span> <span class='ocrx_word' id='word_1_2' title='bbox 569 229 730 313; x_wconf 69' lang='lat' dir='ltr'>coenan.</span> <span class='ocrx_word' id='word_1_3' title='bbox 1057 223 1138 334; x_wconf 68' lang='lat'>475</span> 
     </span>
    </p>
   </div>
   <div class='ocr_carea' id='block_1_2' title="bbox 6 408 1206 2582">
    <p class='ocr_par' dir='ltr' id='par_1_2' title="bbox 6 408 1206 2582">
     <span class='ocr_line' id='line_1_2' title="bbox 6 408 1205 500; baseline -0.004 -22"><span class='ocrx_word' id='word_1_4' title='bbox 6 423 117 478; x_wconf 65' lang='lat' dir='ltr'>¹extra</span> <span class='ocrx_word' id='word_1_5' title='bbox 147 411 249 500; x_wconf 83' lang='lat' dir='ltr'>ipsam</span> <span class='ocrx_word' id='word_1_6' title='bbox 282 411 367 478; x_wconf 85' lang='lat' dir='ltr'>nihil</span> <span class='ocrx_word' id='word_1_7' title='bbox 396 412 453 488; x_wconf 83' lang='lat' dir='ltr'>lit.</span> <span class='ocrx_word' id='word_1_8' title='bbox 491 424 525 478; x_wconf 88' lang='lat' dir='ltr'>et</span> <span class='ocrx_word' id='word_1_9' title='bbox 552 413 589 477; x_wconf 91' lang='lat' dir='ltr'>in</span> <span class='ocrx_word' id='word_1_10' title='bbox 619 412 688 499; x_wconf 91' lang='lat' dir='ltr'>ipsa</span> <span class='ocrx_word' id='word_1_11' title='bbox 723 410 857 484; x_wconf 82' lang='lat' dir='ltr'>omnia,</span> <span class='ocrx_word' id='word_1_12' title='bbox 889 408 1082 474; x_wconf 77' lang='lat' dir='ltr'>universalia</span> <span class='ocrx_word' id='word_1_13' title='bbox 1104 425 1139 474; x_wconf 89' lang='lat' dir='ltr'>et</span> <span class='ocrx_word' id='word_1_14' title='bbox 1201 431 1205 440; x_wconf 64' lang='grc'><strong>“</strong></span> 
     </span>
     <span class='ocr_line' id='line_1_3' title="bbox 6 493 1206 584; baseline -0.004 -22"><span class='ocrx_word' id='word_1_15' title='bbox 6 498 163 584; x_wconf 77' lang='lat' dir='ltr'>³fimplex</span> <span class='ocrx_word' id='word_1_16' title='bbox 187 496 256 562; x_wconf 79' lang='lat' dir='ltr'>rita</span> <span class='ocrx_word' id='word_1_17' title='bbox 279 498 332 563; x_wconf 81' lang='lat' dir='ltr'>est.</span> <span class='ocrx_word' id='word_1_18' title='bbox 377 498 471 584; x_wconf 88' lang='lat' dir='ltr'>Quid</span> <span class='ocrx_word' id='word_1_19' title='bbox 492 495 583 561; x_wconf 88' lang='lat' dir='ltr'>enim</span> <span class='ocrx_word' id='word_1_20' title='bbox 607 496 643 559; x_wconf 90' lang='lat' dir='ltr'>in</span> <span class='ocrx_word' id='word_1_21' title='bbox 669 493 829 582; x_wconf 83' lang='lat' dir='ltr'>sapientia</span> <span class='ocrx_word' id='word_1_22' title='bbox 845 495 909 558; x_wconf 89' lang='lat' dir='ltr'>Dei</span> <span class='ocrx_word' id='word_1_23' title='bbox 930 495 1023 564; x_wconf 80' lang='lat' dir='ltr'>esset,</span> <span class='ocrx_word' id='word_1_24' title='bbox 1046 495 1139 578; x_wconf 90' lang='lat' dir='ltr'>qnod</span> <span class='ocrx_word' id='word_1_25' title='bbox 1199 506 1206 526; x_wconf 83' lang='lat'>⁸</span> 
     </span>
     <span class='ocr_line' id='line_1_4' title="bbox 26 569 1140 664; baseline -0.004 -20"><span class='ocrx_word' id='word_1_26' title='bbox 26 581 97 644; x_wconf 87' lang='lat' dir='ltr'>vita</span> <span class='ocrx_word' id='word_1_27' title='bbox 128 597 275 656; x_wconf 81' lang='lat' dir='ltr'>careret,</span> <span class='ocrx_word' id='word_1_28' title='bbox 309 597 369 645; x_wconf 89' lang='lat' dir='ltr'>aut</span> <span class='ocrx_word' id='word_1_29' title='bbox 400 581 471 644; x_wconf 87' lang='lat' dir='ltr'>vite</span> <span class='ocrx_word' id='word_1_30' title='bbox 499 602 569 655; x_wconf 81' lang='lat' dir='ltr'>non</span> <span class='ocrx_word' id='word_1_31' title='bbox 593 569 688 654; x_wconf 64' lang='lat' dir='ltr'>effen</span> <span class='ocrx_word' id='word_1_32' title='bbox 724 601 800 644; x_wconf 88' lang='lat' dir='ltr'>cum</span> <span class='ocrx_word' id='word_1_33' title='bbox 824 593 857 642; x_wconf 92' lang='lat' dir='ltr'>et</span> <span class='ocrx_word' id='word_1_34' title='bbox 877 577 948 664; x_wconf 89' lang='lat' dir='ltr'>ipsa</span> <span class='ocrx_word' id='word_1_35' title='bbox 972 597 1049 638; x_wconf 86' lang='lat' dir='ltr'>vere</span> <span class='ocrx_word' id='word_1_36' title='bbox 1069 575 1140 640; x_wconf 82' lang='lat' dir='ltr'>vita</span> 
     </span>
     <span class='ocr_line' id='line_1_5' title="bbox 26 658 1139 764; baseline -0.003 -37"><span class='ocrx_word' id='word_1_37' title='bbox 26 664 90 738; x_wconf 85' lang='lat' dir='ltr'>fit,</span> <span class='ocrx_word' id='word_1_38' title='bbox 114 679 147 727; x_wconf 90' lang='lat' dir='ltr'>et</span> <span class='ocrx_word' id='word_1_39' title='bbox 165 665 344 764; x_wconf 80' lang='lat' dir='ltr'>pluaqnam</span> <span class='ocrx_word' id='word_1_40' title='bbox 365 663 456 740; x_wconf 84' lang='lat' dir='ltr'>rita,</span> <span class='ocrx_word' id='word_1_41' title='bbox 480 677 514 728; x_wconf 85' lang='lat' dir='ltr'>et</span> <span class='ocrx_word' id='word_1_42' title='bbox 534 663 620 728; x_wconf 88' lang='lat' dir='ltr'>nihil</span> <span class='ocrx_word' id='word_1_43' title='bbox 642 662 678 726; x_wconf 85' lang='lat' dir='ltr'>in</span> <span class='ocrx_word' id='word_1_44' title='bbox 700 661 770 748; x_wconf 88' lang='lat' dir='ltr'>ipsa</span> <span class='ocrx_word' id='word_1_45' title='bbox 791 663 883 747; x_wconf 90' lang='lat' dir='ltr'>qnod</span> <span class='ocrx_word' id='word_1_46' title='bbox 904 675 963 724; x_wconf 86' lang='lat' dir='ltr'>aut</span> <span class='ocrx_word' id='word_1_47' title='bbox 978 658 1047 744; x_wconf 86' lang='lat' dir='ltr'>ipsa</span> <span class='ocrx_word' id='word_1_48' title='bbox 1066 679 1139 724; x_wconf 89' lang='lat' dir='ltr'>non</span> 
     </span>
     <span class='ocr_line' id='line_1_6' title="bbox 29 738 1141 828; baseline -0.004 -17"><span class='ocrx_word' id='word_1_49' title='bbox 29 747 90 820; x_wconf 86' lang='lat' dir='ltr'>est,</span> <span class='ocrx_word' id='word_1_50' title='bbox 122 763 179 811; x_wconf 89' lang='lat' dir='ltr'>aut</span> <span class='ocrx_word' id='word_1_51' title='bbox 210 747 262 812; x_wconf 87' lang='lat' dir='ltr'>sur</span> <span class='ocrx_word' id='word_1_52' title='bbox 290 747 505 813; x_wconf 87' lang='lat' dir='ltr'>simillimum.</span> <span class='ocrx_word' id='word_1_53' title='bbox 539 738 745 812; x_wconf 65' lang='lat' dir='ltr'>Praesertim</span> <span class='ocrx_word' id='word_1_54' title='bbox 773 767 850 810; x_wconf 88' lang='lat' dir='ltr'>cunr</span> <span class='ocrx_word' id='word_1_55' title='bbox 873 743 1068 828; x_wconf 76' lang='lat' dir='ltr'>Theologue</span> <span class='ocrx_word' id='word_1_56' title='bbox 1088 745 1141 806; x_wconf 87' lang='lat' dir='ltr'>Io·</span> 
     </span>
     <span class='ocr_line' id='line_1_7' title="bbox 28 819 1140 919; baseline -0.003 -25"><span class='ocrx_word' id='word_1_57' title='bbox 28 833 156 894; x_wconf 84' lang='lat' dir='ltr'>hannee</span> <span class='ocrx_word' id='word_1_58' title='bbox 179 829 289 896; x_wconf 76' lang='lat' dir='ltr'>dicare</span> <span class='ocrx_word' id='word_1_59' title='bbox 326 835 447 899; x_wconf 80' lang='lat' dir='ltr'>Omnia</span> <span class='ocrx_word' id='word_1_60' title='bbox 467 853 529 910; x_wconf 83' lang='lat' dir='ltr'>per</span> <span class='ocrx_word' id='word_1_61' title='bbox 549 823 655 914; x_wconf 78' lang='lat' dir='ltr'>ipsum</span> <span class='ocrx_word' id='word_1_62' title='bbox 666 821 892 919; x_wconf 80' lang='lat' dir='ltr'>facra&#39;lunr,</span> <span class='ocrx_word' id='word_1_63' title='bbox 924 824 1046 912; x_wconf 78' lang='lat' dir='ltr'>etfirre</span> <span class='ocrx_word' id='word_1_64' title='bbox 1067 819 1140 916; x_wconf 81' lang='lat' dir='ltr'>ipso</span> 
     </span>
     <span class='ocr_line' id='line_1_8' title="bbox 19 908 1139 1010; baseline -0.003 -35"><span class='ocrx_word' id='word_1_65' title='bbox 19 914 150 1000; x_wconf 82' lang='lat' dir='ltr'>sactum</span> <span class='ocrx_word' id='word_1_66' title='bbox 186 915 236 1010; x_wconf 72' lang='lat' dir='ltr'>est</span> <span class='ocrx_word' id='word_1_67' title='bbox 269 917 354 979; x_wconf 72' lang='lat' dir='ltr'>ertit</span> <span class='ocrx_word' id='word_1_68' title='bbox 388 917 476 1000; x_wconf 78' lang='lat' dir='ltr'>quod</span> <span class='ocrx_word' id='word_1_69' title='bbox 513 908 644 1004; x_wconf 82' lang='lat' dir='ltr'>foetum</span> <span class='ocrx_word' id='word_1_70' title='bbox 680 913 747 1001; x_wconf 80' lang='lat' dir='ltr'>esse</span> <span class='ocrx_word' id='word_1_71' title='bbox 786 917 820 976; x_wconf 85' lang='lat' dir='ltr'>r&#39;rr</span> <span class='ocrx_word' id='word_1_72' title='bbox 850 910 923 1004; x_wconf 78' lang='lat' dir='ltr'>ipso</span> <span class='ocrx_word' id='word_1_73' title='bbox 952 915 1029 976; x_wconf 81' lang='lat' dir='ltr'>vira</span> <span class='ocrx_word' id='word_1_74' title='bbox 1056 923 1139 974; x_wconf 84' lang='lat' dir='ltr'>erat.</span> 
     </span>
     <span class='ocr_line' id='line_1_9' title="bbox 26 993 1141 1087; baseline -0.003 -27"><span class='ocrx_word' id='word_1_75' title='bbox 26 999 74 1061; x_wconf 88' lang='lat' dir='ltr'>M.</span> <span class='ocrx_word' id='word_1_76' title='bbox 113 1001 151 1062; x_wconf 93' lang='lat' dir='ltr'>ln</span> <span class='ocrx_word' id='word_1_77' title='bbox 182 1001 288 1063; x_wconf 85' lang='lat' dir='ltr'>verbo</span> <span class='ocrx_word' id='word_1_78' title='bbox 319 998 425 1087; x_wconf 84' lang='lat' dir='ltr'>igitur</span> <span class='ocrx_word' id='word_1_79' title='bbox 452 1003 544 1086; x_wconf 87' lang='lat' dir='ltr'>quod</span> <span class='ocrx_word' id='word_1_80' title='bbox 578 999 622 1062; x_wconf 81' lang='lat' dir='ltr'>est</span> <span class='ocrx_word' id='word_1_81' title='bbox 651 996 812 1084; x_wconf 86' lang='lat' dir='ltr'>sapientia</span> <span class='ocrx_word' id='word_1_82' title='bbox 843 995 981 1070; x_wconf 87' lang='lat' dir='ltr'>divina,</span> <span class='ocrx_word' id='word_1_83' title='bbox 1011 993 1141 1058; x_wconf 36' lang='lat' dir='ltr'>*omnia</span> 
     </span>
     <span class='ocr_line' id='line_1_10' title="bbox 25 1075 1140 1180; baseline -0.004 -36"><span class='ocrx_word' id='word_1_84' title='bbox 25 1096 175 1180; x_wconf 73' lang='lat' dir='ltr'>creatura</span> <span class='ocrx_word' id='word_1_85' title='bbox 205 1097 240 1148; x_wconf 91' lang='lat' dir='ltr'>et</span> <span class='ocrx_word' id='word_1_86' title='bbox 268 1082 315 1144; x_wconf 79' lang='lat' dir='ltr'>est</span> <span class='ocrx_word' id='word_1_87' title='bbox 348 1097 382 1146; x_wconf 91' lang='lat' dir='ltr'>et</span> <span class='ocrx_word' id='word_1_88' title='bbox 414 1081 520 1180; x_wconf 70' lang='lat' dir='ltr'>vivit,</span> <span class='ocrx_word' id='word_1_89' title='bbox 553 1096 585 1144; x_wconf 88' lang='lat' dir='ltr'>et</span> <span class='ocrx_word' id='word_1_90' title='bbox 607 1084 820 1180; x_wconf 73' lang='lat' dir='ltr'>omne&#39;quod</span> <span class='ocrx_word' id='word_1_91' title='bbox 840 1079 875 1143; x_wconf 93' lang='lat' dir='ltr'>in</span> <span class='ocrx_word' id='word_1_92' title='bbox 900 1079 971 1164; x_wconf 91' lang='lat' dir='ltr'>ipso</span> <span class='ocrx_word' id='word_1_93' title='bbox 997 1075 1060 1151; x_wconf 82' lang='lat' dir='ltr'>est,</span> <span class='ocrx_word' id='word_1_94' title='bbox 1082 1097 1140 1174; x_wconf 88' lang='lat' dir='ltr'>pe·</span> 
     </span>
     <span class='ocr_line' id='line_1_11' title="bbox 25 1163 1142 1322; baseline -0.004 -11"><span class='ocrx_word' id='word_1_95' title='bbox 25 1163 361 1314; x_wconf 57' lang='lat' dir='ltr'>{llasllrclliilzr</span> <span class='ocrx_word' id='word_1_96' title='bbox 380 1163 536 1312; x_wconf 51' lang='lat'>⁵233?</span> <span class='ocrx_word' id='word_1_97' title='bbox 550 1167 836 1322; x_wconf 54' lang='lat' dir='ltr'>stlattas</span> <span class='ocrx_word' id='word_1_98' title='bbox 845 1211 854 1239; x_wconf 87' lang='lat'>&#39;</span> <span class='ocrx_word' id='word_1_99' title='bbox 868 1164 1069 1316; x_wconf 67' lang='lat' dir='ltr'>lt‘t‘tt:</span> <span class='ocrx_word' id='word_1_100' title='bbox 1090 1181 1142 1306; x_wconf 68' lang='lat' dir='ltr'>&#39;ti</span> 
     </span>
     <span class='ocr_line' id='line_1_12' title="bbox 28 1327 1142 1420; baseline -0.004 -26"><span class='ocrx_word' id='word_1_101' title='bbox 28 1345 63 1394; x_wconf 89' lang='lat' dir='ltr'>et</span> <span class='ocrx_word' id='word_1_102' title='bbox 91 1329 162 1394; x_wconf 86' lang='lat' dir='ltr'>vita</span> <span class='ocrx_word' id='word_1_103' title='bbox 195 1347 350 1406; x_wconf 86' lang='lat' dir='ltr'>aeterna;</span> <span class='ocrx_word' id='word_1_104' title='bbox 384 1351 485 1396; x_wconf 88' lang='lat' dir='ltr'>omne</span> <span class='ocrx_word' id='word_1_105' title='bbox 514 1333 605 1420; x_wconf 89' lang='lat' dir='ltr'>quod</span> <span class='ocrx_word' id='word_1_106' title='bbox 632 1330 668 1394; x_wconf 91' lang='lat' dir='ltr'>in</span> <span class='ocrx_word' id='word_1_107' title='bbox 693 1329 970 1412; x_wconf 67' lang='lat' dir='ltr'>comminetur,</span> <span class='ocrx_word' id='word_1_108' title='bbox 1000 1327 1142 1390; x_wconf 88' lang='lat' dir='ltr'>necessa·</span> 
     </span>
     <span class='ocr_line' id='line_1_13' title="bbox 26 1410 1140 1500; baseline -0.004 -25"><span class='ocrx_word' id='word_1_109' title='bbox 26 1411 79 1476; x_wconf 92' lang='lat' dir='ltr'>rio</span> <span class='ocrx_word' id='word_1_110' title='bbox 112 1427 146 1476; x_wconf 92' lang='lat' dir='ltr'>et</span> <span class='ocrx_word' id='word_1_111' title='bbox 182 1415 226 1478; x_wconf 83' lang='lat' dir='ltr'>est</span> <span class='ocrx_word' id='word_1_112' title='bbox 256 1430 290 1478; x_wconf 92' lang='lat' dir='ltr'>et</span> <span class='ocrx_word' id='word_1_113' title='bbox 317 1415 446 1500; x_wconf 90' lang='lat' dir='ltr'>semper</span> <span class='ocrx_word' id='word_1_114' title='bbox 473 1429 606 1486; x_wconf 82' lang='lat' dir='ltr'>manet,</span> <span class='ocrx_word' id='word_1_115' title='bbox 637 1429 671 1478; x_wconf 90' lang='lat' dir='ltr'>et</span> <span class='ocrx_word' id='word_1_116' title='bbox 699 1413 770 1478; x_wconf 81' lang='lat' dir='ltr'>vita</span> <span class='ocrx_word' id='word_1_117' title='bbox 802 1413 846 1476; x_wconf 82' lang='lat' dir='ltr'>esl</span> <span class='ocrx_word' id='word_1_118' title='bbox 875 1425 909 1476; x_wconf 90' lang='lat' dir='ltr'>et</span> <span class='ocrx_word' id='word_1_119' title='bbox 936 1410 1005 1474; x_wconf 83' lang='lat' dir='ltr'>vita</span> <span class='ocrx_word' id='word_1_120' title='bbox 1036 1425 1140 1472; x_wconf 86' lang='lat' dir='ltr'>aeter·</span> 
     </span>
     <span class='ocr_line' id='line_1_14' title="bbox 26 1493 1140 1584; baseline -0.004 -24"><span class='ocrx_word' id='word_1_121' title='bbox 26 1517 82 1560; x_wconf 88' lang='lat' dir='ltr'>rra.</span> <span class='ocrx_word' id='word_1_122' title='bbox 113 1500 155 1560; x_wconf 90' lang='lat' dir='ltr'>D.</span> <span class='ocrx_word' id='word_1_123' title='bbox 179 1498 272 1562; x_wconf 86' lang='lat' dir='ltr'>Hinc</span> <span class='ocrx_word' id='word_1_124' title='bbox 294 1497 447 1561; x_wconf 85' lang='lat' dir='ltr'>dubitare</span> <span class='ocrx_word' id='word_1_125' title='bbox 470 1513 503 1560; x_wconf 90' lang='lat' dir='ltr'>et</span> <span class='ocrx_word' id='word_1_126' title='bbox 525 1496 668 1584; x_wconf 89' lang='lat' dir='ltr'>impium</span> <span class='ocrx_word' id='word_1_127' title='bbox 691 1515 725 1561; x_wconf 88' lang='lat' dir='ltr'>et</span> <span class='ocrx_word' id='word_1_128' title='bbox 745 1493 965 1561; x_wconf 82' lang='lat' dir='ltr'>stultissimum</span> <span class='ocrx_word' id='word_1_129' title='bbox 986 1494 1039 1564; x_wconf 82' lang='lat' dir='ltr'>est,</span> <span class='ocrx_word' id='word_1_130' title='bbox 1062 1512 1140 1556; x_wconf 91' lang='lat' dir='ltr'>cum</span> 
     </span>
     <span class='ocr_line' id='line_1_15' title="bbox 29 1573 1143 1665; baseline -0.004 -23"><span class='ocrx_word' id='word_1_131' title='bbox 29 1579 141 1643; x_wconf 85' lang='lat' dir='ltr'>omnia</span> <span class='ocrx_word' id='word_1_132' title='bbox 165 1580 302 1646; x_wconf 87' lang='lat' dir='ltr'>divinae</span> <span class='ocrx_word' id='word_1_133' title='bbox 324 1580 477 1645; x_wconf 78' lang='lat' dir='ltr'>historiae</span> <span class='ocrx_word' id='word_1_134' title='bbox 500 1579 679 1645; x_wconf 77' lang='lat' dir='ltr'>auctoritas</span> <span class='ocrx_word' id='word_1_135' title='bbox 691 1601 875 1665; x_wconf 75' lang='lat' dir='ltr'>omnesque</span> <span class='ocrx_word' id='word_1_136' title='bbox 889 1573 1055 1664; x_wconf 76' lang='lat' dir='ltr'>Theologi</span> <span class='ocrx_word' id='word_1_137' title='bbox 1069 1595 1143 1660; x_wconf 85' lang='lat' dir='ltr'>per·</span> 
     </span>
     <span class='ocr_line' id='line_1_16' title="bbox 27 1657 1142 1762; baseline -0.002 -38"><span class='ocrx_word' id='word_1_138' title='bbox 27 1662 169 1728; x_wconf 78' lang='lat' dir='ltr'>hibeanr</span> <span class='ocrx_word' id='word_1_139' title='bbox 191 1685 326 1730; x_wconf 87' lang='lat' dir='ltr'>omnem</span> <span class='ocrx_word' id='word_1_140' title='bbox 348 1680 532 1728; x_wconf 87' lang='lat' dir='ltr'>creaturam</span> <span class='ocrx_word' id='word_1_141' title='bbox 552 1663 587 1762; x_wconf 69' lang='lat' dir='ltr'>ip</span> <span class='ocrx_word' id='word_1_142' title='bbox 604 1667 708 1728; x_wconf 85' lang='lat' dir='ltr'>verbo</span> <span class='ocrx_word' id='word_1_143' title='bbox 724 1661 936 1728; x_wconf 88' lang='lat' dir='ltr'>aeternaliter</span> <span class='ocrx_word' id='word_1_144' title='bbox 946 1663 1020 1726; x_wconf 87' lang='lat' dir='ltr'>elle.</span> <span class='ocrx_word' id='word_1_145' title='bbox 1052 1657 1142 1727; x_wconf 88' lang='lat' dir='ltr'>Hinc</span> 
     </span>
     <span class='ocr_line' id='line_1_17' title="bbox 28 1741 1142 1834; baseline -0.003 -27"><span class='ocrx_word' id='word_1_146' title='bbox 28 1749 172 1812; x_wconf 82' lang='lat' dir='ltr'>Sanctae</span> <span class='ocrx_word' id='word_1_147' title='bbox 208 1745 410 1834; x_wconf 80' lang='lat' dir='ltr'>Augustinus</span> <span class='ocrx_word' id='word_1_148' title='bbox 440 1747 476 1810; x_wconf 89' lang='lat' dir='ltr'>in</span> <span class='ocrx_word' id='word_1_149' title='bbox 509 1750 641 1811; x_wconf 75' lang='lat' dir='ltr'>decimo</span> <span class='ocrx_word' id='word_1_150' title='bbox 664 1747 755 1812; x_wconf 88' lang='lat' dir='ltr'>sexto</span> <span class='ocrx_word' id='word_1_151' title='bbox 777 1745 925 1832; x_wconf 87' lang='lat' dir='ltr'>capitulo</span> <span class='ocrx_word' id='word_1_152' title='bbox 949 1741 1142 1810; x_wconf 84' lang='lat' dir='ltr'><strong>duodecimi</strong></span> 
     </span>
     <span class='ocr_line' id='line_1_18' title="bbox 28 1827 1142 1906; baseline -0.002 -14"><span class='ocrx_word' id='word_1_153' title='bbox 28 1828 107 1892; x_wconf 89' lang='lat' dir='ltr'>libri</span> <span class='ocrx_word' id='word_1_154' title='bbox 138 1835 180 1895; x_wconf 91' lang='lat' dir='ltr'>de</span> <span class='ocrx_word' id='word_1_155' title='bbox 211 1829 361 1895; x_wconf 76' lang='lat' dir='ltr'>Ciuitate</span> <span class='ocrx_word' id='word_1_156' title='bbox 395 1829 479 1906; x_wconf 86' lang='lat' dir='ltr'>Dei,</span> <span class='ocrx_word' id='word_1_157' title='bbox 513 1829 756 1894; x_wconf 80' lang='lat' dir='ltr'>evidentissime</span> <span class='ocrx_word' id='word_1_158' title='bbox 783 1849 822 1893; x_wconf 90' lang='lat' dir='ltr'>ac</span> <span class='ocrx_word' id='word_1_159' title='bbox 846 1827 992 1893; x_wconf 83' lang='lat' dir='ltr'>breviter</span> <span class='ocrx_word' id='word_1_160' title='bbox 1013 1829 1142 1890; x_wconf 89' lang='lat' dir='ltr'>senten·</span> 
     </span>
     <span class='ocr_line' id='line_1_19' title="bbox 27 1908 1177 2006; baseline 0 -32"><span class='ocrx_word' id='word_1_161' title='bbox 27 1911 108 1975; x_wconf 90' lang='lat' dir='ltr'>tiam</span> <span class='ocrx_word' id='word_1_162' title='bbox 140 1912 287 2000; x_wconf 86' lang='lat' dir='ltr'>protulit</span> <span class='ocrx_word' id='word_1_163' title='bbox 317 1916 359 1976; x_wconf 89' lang='lat' dir='ltr'>de</span> <span class='ocrx_word' id='word_1_164' title='bbox 391 1933 430 1976; x_wconf 90' lang='lat' dir='ltr'>eo</span> <span class='ocrx_word' id='word_1_165' title='bbox 464 1917 554 2006; x_wconf 86' lang='lat' dir='ltr'>quod</span> <span class='ocrx_word' id='word_1_166' title='bbox 586 1913 744 1976; x_wconf 82' lang='lat' dir='ltr'>dominor</span> <span class='ocrx_word' id='word_1_167' title='bbox 766 1933 836 1974; x_wconf 92' lang='lat' dir='ltr'>non</span> <span class='ocrx_word' id='word_1_168' title='bbox 859 1913 964 1976; x_wconf 88' lang='lat' dir='ltr'>solum</span> <span class='ocrx_word' id='word_1_169' title='bbox 988 1908 1143 1974; x_wconf 89' lang='lat' dir='ltr'>omnium</span> <span class='ocrx_word' id='word_1_170' title='bbox 1176 1908 1177 1916; x_wconf 69' lang='grc'>’</span> 
     </span>
     <span class='ocr_line' id='line_1_20' title="bbox 27 1993 1144 2080; baseline 0 -23"><span class='ocrx_word' id='word_1_171' title='bbox 27 2010 158 2060; x_wconf 88' lang='lat' dir='ltr'>creator</span> <span class='ocrx_word' id='word_1_172' title='bbox 197 2009 424 2060; x_wconf 84' lang='lat' dir='ltr'>creaturarum</span> <span class='ocrx_word' id='word_1_173' title='bbox 446 1995 574 2080; x_wconf 83' lang='lat' dir='ltr'>semper</span> <span class='ocrx_word' id='word_1_174' title='bbox 594 1994 681 2067; x_wconf 86' lang='lat' dir='ltr'>suit,</span> <span class='ocrx_word' id='word_1_175' title='bbox 717 2015 835 2058; x_wconf 89' lang='lat' dir='ltr'>verum</span> <span class='ocrx_word' id='word_1_176' title='bbox 859 1993 959 2058; x_wconf 89' lang='lat' dir='ltr'>etiam</span> <span class='ocrx_word' id='word_1_177' title='bbox 982 2007 1016 2056; x_wconf 90' lang='lat' dir='ltr'>et</span> <span class='ocrx_word' id='word_1_178' title='bbox 1038 1993 1144 2058; x_wconf 88' lang='lat' dir='ltr'>domi·</span> 
     </span>
     <span class='ocr_line' id='line_1_21' title="bbox 26 2075 1143 2163; baseline -0.001 -22"><span class='ocrx_word' id='word_1_179' title='bbox 26 2098 111 2162; x_wconf 82' lang='lat' dir='ltr'>nue3</span> <span class='ocrx_word' id='word_1_180' title='bbox 143 2093 179 2142; x_wconf 89' lang='lat' dir='ltr'>et</span> <span class='ocrx_word' id='word_1_181' title='bbox 209 2080 292 2142; x_wconf 84' lang='lat' dir='ltr'>ficut</span> <span class='ocrx_word' id='word_1_182' title='bbox 326 2097 500 2163; x_wconf 89' lang='lat' dir='ltr'>nunquam</span> <span class='ocrx_word' id='word_1_183' title='bbox 537 2075 603 2138; x_wconf 89' lang='lat' dir='ltr'>suit</span> <span class='ocrx_word' id='word_1_184' title='bbox 625 2097 694 2140; x_wconf 89' lang='lat' dir='ltr'>non</span> <span class='ocrx_word' id='word_1_185' title='bbox 720 2091 866 2149; x_wconf 85' lang='lat' dir='ltr'>creator,</span> <span class='ocrx_word' id='word_1_186' title='bbox 899 2076 946 2138; x_wconf 91' lang='lat' dir='ltr'>ita</span> <span class='ocrx_word' id='word_1_187' title='bbox 967 2095 1143 2161; x_wconf 88' lang='lat' dir='ltr'>nunquam</span> 
     </span>
     <span class='ocr_line' id='line_1_22' title="bbox 29 2157 1143 2256; baseline 0 -34"><span class='ocrx_word' id='word_1_188' title='bbox 29 2181 99 2224; x_wconf 90' lang='lat' dir='ltr'>non</span> <span class='ocrx_word' id='word_1_189' title='bbox 130 2160 199 2225; x_wconf 82' lang='lat' dir='ltr'>fuit</span> <span class='ocrx_word' id='word_1_190' title='bbox 234 2157 411 2232; x_wconf 69' lang='lat' dir='ltr'>dominun.</span> <span class='ocrx_word' id='word_1_191' title='bbox 449 2160 641 2246; x_wconf 73' lang='lat' dir='ltr'>disputans:</span> <span class='ocrx_word' id='word_1_192' title='bbox 673 2160 774 2243; x_wconf 86' lang='lat' dir='ltr'>„Qua</span> <span class='ocrx_word' id='word_1_193' title='bbox 800 2173 932 2256; x_wconf 81' lang='lat' dir='ltr'>ropter,</span> <span class='ocrx_word' id='word_1_194' title='bbox 965 2161 1088 2244; x_wconf 81' lang='lat' dir='ltr'>r&#39;rrqur&#39;t.</span> <span class='ocrx_word' id='word_1_195' title='bbox 1118 2159 1143 2222; x_wconf 85' lang='lat' dir='ltr'>fi</span> 
     </span>
     <span class='ocr_line' id='line_1_23' title="bbox 27 2182 1142 2342; baseline 0.002 -36"><span class='ocrx_word' id='word_1_196' title='bbox 27 2247 121 2308; x_wconf 84' lang='lat' dir='ltr'>Deua</span> <span class='ocrx_word' id='word_1_197' title='bbox 144 2245 275 2342; x_wconf 87' lang='lat' dir='ltr'>semper</span> <span class='ocrx_word' id='word_1_198' title='bbox 297 2241 455 2308; x_wconf 85' lang='lat' dir='ltr'>dominae</span> <span class='ocrx_word' id='word_1_199' title='bbox 477 2243 564 2317; x_wconf 87' lang='lat' dir='ltr'>suit,</span> <span class='ocrx_word' id='word_1_200' title='bbox 589 2242 718 2327; x_wconf 89' lang='lat' dir='ltr'>semper</span> <span class='ocrx_word' id='word_1_201' title='bbox 740 2182 859 2306; x_wconf 74' lang='lat' dir='ltr'>helrurt</span> <span class='ocrx_word' id='word_1_202' title='bbox 879 2223 1063 2306; x_wconf 87' lang='lat' dir='ltr'>creatlrram</span> <span class='ocrx_word' id='word_1_203' title='bbox 1082 2243 1142 2308; x_wconf 89' lang='lat' dir='ltr'>suo</span> 
     </span>
     <span class='ocr_line' id='line_1_24' title="bbox 30 2324 1144 2412; baseline 0 -22"><span class='ocrx_word' id='word_1_204' title='bbox 30 2328 222 2392; x_wconf 80' lang='lat' dir='ltr'>dominatur</span> <span class='ocrx_word' id='word_1_205' title='bbox 253 2326 471 2411; x_wconf 81' lang='lat' dir='ltr'>servientem3</span> <span class='ocrx_word' id='word_1_206' title='bbox 505 2339 728 2390; x_wconf 83' lang='lat' dir='ltr'>veruntamen</span> <span class='ocrx_word' id='word_1_207' title='bbox 759 2345 829 2390; x_wconf 91' lang='lat' dir='ltr'>non</span> <span class='ocrx_word' id='word_1_208' title='bbox 859 2327 901 2388; x_wconf 87' lang='lat' dir='ltr'>de</span> <span class='ocrx_word' id='word_1_209' title='bbox 922 2324 1027 2410; x_wconf 88' lang='lat' dir='ltr'>seipso</span> <span class='ocrx_word' id='word_1_210' title='bbox 1051 2325 1144 2412; x_wconf 82' lang='lat' dir='ltr'>geni·</span> 
     </span>
     <span class='ocr_line' id='line_1_25' title="bbox 27 2407 1142 2496; baseline 0 -23"><span class='ocrx_word' id='word_1_211' title='bbox 27 2425 113 2486; x_wconf 87' lang='lat' dir='ltr'>tam,</span> <span class='ocrx_word' id='word_1_212' title='bbox 144 2412 203 2476; x_wconf 85' lang='lat' dir='ltr'>sed</span> <span class='ocrx_word' id='word_1_213' title='bbox 233 2411 273 2474; x_wconf 88' lang='lat' dir='ltr'>ab</span> <span class='ocrx_word' id='word_1_214' title='bbox 302 2409 375 2496; x_wconf 90' lang='lat' dir='ltr'>ipso</span> <span class='ocrx_word' id='word_1_215' title='bbox 410 2413 451 2474; x_wconf 88' lang='lat' dir='ltr'>de</span> <span class='ocrx_word' id='word_1_216' title='bbox 472 2409 582 2473; x_wconf 81' lang='lat' dir='ltr'><strong>nihilo</strong></span> <span class='ocrx_word' id='word_1_217' title='bbox 603 2409 752 2483; x_wconf 81' lang='lat' dir='ltr'>saetam,·</span> <span class='ocrx_word' id='word_1_218' title='bbox 780 2428 845 2472; x_wconf 90' lang='lat' dir='ltr'>nec</span> <span class='ocrx_word' id='word_1_219' title='bbox 865 2407 896 2471; x_wconf 91' lang='lat' dir='ltr'>ei</span> <span class='ocrx_word' id='word_1_220' title='bbox 919 2425 1142 2474; x_wconf 75' lang='lat' dir='ltr'>coaeternam.</span> 
     </span>
     <span class='ocr_line' id='line_1_26' title="bbox 28 2489 1142 2582; baseline 0.002 -28"><span class='ocrx_word' id='word_1_221' title='bbox 28 2495 109 2557; x_wconf 87' lang='lat' dir='ltr'>Erat</span> <span class='ocrx_word' id='word_1_222' title='bbox 130 2493 259 2582; x_wconf 89' lang='lat' dir='ltr'>quippe</span> <span class='ocrx_word' id='word_1_223' title='bbox 280 2507 359 2556; x_wconf 87' lang='lat' dir='ltr'>ante</span> <span class='ocrx_word' id='word_1_224' title='bbox 379 2491 493 2565; x_wconf 83' lang='lat' dir='ltr'>illam.</span> <span class='ocrx_word' id='word_1_225' title='bbox 521 2491 675 2579; x_wconf 81' lang='lat' dir='ltr'>quamvie</span> <span class='ocrx_word' id='word_1_226' title='bbox 696 2493 792 2556; x_wconf 87' lang='lat' dir='ltr'>nullo</span> <span class='ocrx_word' id='word_1_227' title='bbox 814 2505 966 2577; x_wconf 86' lang='lat' dir='ltr'>ternpore</span> <span class='ocrx_word' id='word_1_228' title='bbox 986 2493 1054 2556; x_wconf 87' lang='lat' dir='ltr'>fine</span> <span class='ocrx_word' id='word_1_229' title='bbox 1074 2489 1142 2564; x_wconf 87' lang='lat' dir='ltr'>illa.</span> 
     </span>
    </p>
   </div>
   <div class='ocr_carea' id='block_1_3' title="bbox 29 2575 1266 2674">
    <p class='ocr_par' dir='ltr' id='par_1_3' title="bbox 29 2575 1266 2674">
     <span class='ocr_line' id='line_1_27' title="bbox 29 2575 1266 2674; baseline 0.001 -35"><span class='ocrx_word' id='word_1_230' title='bbox 29 2597 100 2640; x_wconf 89' lang='lat' dir='ltr'>non</span> <span class='ocrx_word' id='word_1_231' title='bbox 135 2599 208 2641; x_wconf 90' lang='lat' dir='ltr'>eam</span> <span class='ocrx_word' id='word_1_232' title='bbox 231 2575 338 2660; x_wconf 86' lang='lat' dir='ltr'>spatio</span> <span class='ocrx_word' id='word_1_233' title='bbox 360 2591 624 2652; x_wconf 75' lang='lat' dir='ltr'>transcurrente,</span> <span class='ocrx_word' id='word_1_234' title='bbox 658 2577 715 2640; x_wconf 89' lang='lat' dir='ltr'>sed</span> <span class='ocrx_word' id='word_1_235' title='bbox 735 2577 1144 2674; x_wconf 68' lang='lat' dir='ltr'>permanenteperpetui·</span> <span class='ocrx_word' id='word_1_236' title='bbox 1260 2635 1266 2652; x_wconf 83' lang='lat'><em>,</em></span> 
     </span>
    </p>
   </div>
   <div class='ocr_carea' id='block_1_4' title="bbox 30 2657 1143 2756">
    <p class='ocr_par' dir='ltr' id='par_1_4' title="bbox 30 2657 1143 2756">
     <span class='ocr_line' id='line_1_28' title="bbox 30 2657 1143 2756; baseline 0.003 -35"><span class='ocrx_word' id='word_1_237' title='bbox 30 2674 100 2721; x_wconf 90' lang='lat' dir='ltr'>tate</span> <span class='ocrx_word' id='word_1_238' title='bbox 120 2664 335 2746; x_wconf 75' lang='lat' dir='ltr'>praecedens.</span> <span class='ocrx_word' id='word_1_239' title='bbox 367 2660 432 2722; x_wconf 87' lang='lat' dir='ltr'>Sed</span> <span class='ocrx_word' id='word_1_240' title='bbox 454 2661 476 2722; x_wconf 87' lang='lat' dir='ltr'>sr</span> <span class='ocrx_word' id='word_1_241' title='bbox 500 2661 704 2744; x_wconf 88' lang='lat' dir='ltr'>respondero</span> <span class='ocrx_word' id='word_1_242' title='bbox 727 2659 774 2724; x_wconf 88' lang='lat' dir='ltr'>eie</span> <span class='ocrx_word' id='word_1_243' title='bbox 796 2657 855 2744; x_wconf 88' lang='lat' dir='ltr'>qai</span> <span class='ocrx_word' id='word_1_244' title='bbox 869 2676 1047 2745; x_wconf 74' lang='lat' dir='ltr'>requirunt</span> <span class='ocrx_word' id='word_1_245' title='bbox 1062 2679 1143 2756; x_wconf 85' lang='lat' dir='ltr'>quo·</span> 
     </span>
    </p>
   </div>
   <div class='ocr_carea' id='block_1_5' title="bbox 30 2741 1260 2828">
    <p class='ocr_par' dir='ltr' id='par_1_5' title="bbox 30 2741 1260 2828">
     <span class='ocr_line' id='line_1_29' title="bbox 30 2741 1260 2828; baseline 0.002 -24"><span class='ocrx_word' id='word_1_246' title='bbox 30 2742 135 2807; x_wconf 92' lang='lat' dir='ltr'>modo</span> <span class='ocrx_word' id='word_1_247' title='bbox 166 2757 295 2805; x_wconf 89' lang='lat' dir='ltr'>creator</span> <span class='ocrx_word' id='word_1_248' title='bbox 321 2741 451 2828; x_wconf 83' lang='lat' dir='ltr'>semper</span> <span class='ocrx_word' id='word_1_249' title='bbox 485 2741 643 2805; x_wconf 81' lang='lat' dir='ltr'>dominare</span> <span class='ocrx_word' id='word_1_250' title='bbox 664 2741 747 2817; x_wconf 85' lang='lat' dir='ltr'>suit,</span> <span class='ocrx_word' id='word_1_251' title='bbox 781 2742 975 2806; x_wconf 85' lang='lat' dir='ltr'>licreatura</span> <span class='ocrx_word' id='word_1_252' title='bbox 998 2743 1144 2807; x_wconf 73' lang='lat' dir='ltr'>sererent</span> <span class='ocrx_word' id='word_1_253' title='bbox 1256 2785 1260 2792; x_wconf 93' lang='lat'>-</span> 
     </span>
    </p>
   </div>
   <div class='ocr_carea' id='block_1_6' title="bbox 31 2822 1228 4244">
    <p class='ocr_par' dir='ltr' id='par_1_6' title="bbox 31 2822 1228 3409">
     <span class='ocr_line' id='line_1_30' title="bbox 31 2822 1144 2912; baseline 0.002 -26"><span class='ocrx_word' id='word_1_254' title='bbox 31 2843 104 2886; x_wconf 90' lang='lat' dir='ltr'>non</span> <span class='ocrx_word' id='word_1_255' title='bbox 128 2824 258 2910; x_wconf 87' lang='lat' dir='ltr'>semper</span> <span class='ocrx_word' id='word_1_256' title='bbox 279 2822 366 2897; x_wconf 86' lang='lat' dir='ltr'>suit,</span> <span class='ocrx_word' id='word_1_257' title='bbox 407 2839 441 2887; x_wconf 89' lang='lat' dir='ltr'>et</span> <span class='ocrx_word' id='word_1_258' title='bbox 461 2827 632 2910; x_wconf 87' lang='lat' dir='ltr'>quomodo</span> <span class='ocrx_word' id='word_1_259' title='bbox 654 2839 764 2888; x_wconf 72' lang='lat' dir='ltr'>crema</span> <span class='ocrx_word' id='word_1_260' title='bbox 785 2824 847 2900; x_wconf 78' lang='lat' dir='ltr'>est,</span> <span class='ocrx_word' id='word_1_261' title='bbox 883 2838 918 2888; x_wconf 91' lang='lat' dir='ltr'>et</span> <span class='ocrx_word' id='word_1_262' title='bbox 937 2845 1007 2889; x_wconf 92' lang='lat' dir='ltr'>non</span> <span class='ocrx_word' id='word_1_263' title='bbox 1029 2825 1144 2912; x_wconf 82' lang='lat' dir='ltr'>potine</span> 
     </span>
     <span class='ocr_line' id='line_1_31' title="bbox 36 2906 1146 2992; baseline 0.004 -22"><span class='ocrx_word' id='word_1_264' title='bbox 36 2906 180 2971; x_wconf 86' lang='lat' dir='ltr'>creatori</span> <span class='ocrx_word' id='word_1_265' title='bbox 210 2921 386 2970; x_wconf 88' lang='lat' dir='ltr'>coaeterna</span> <span class='ocrx_word' id='word_1_266' title='bbox 409 2906 471 2979; x_wconf 80' lang='lat' dir='ltr'>en,</span> <span class='ocrx_word' id='word_1_267' title='bbox 501 2907 523 2978; x_wconf 73' lang='lat' dir='ltr'>sa</span> <span class='ocrx_word' id='word_1_268' title='bbox 547 2907 674 2992; x_wconf 81' lang='lat' dir='ltr'>semper</span> <span class='ocrx_word' id='word_1_269' title='bbox 694 2906 776 2970; x_wconf 77' lang='lat' dir='ltr'>suita</span> <span class='ocrx_word' id='word_1_270' title='bbox 806 2928 923 2992; x_wconf 79' lang='lat' dir='ltr'>veropr</span> <span class='ocrx_word' id='word_1_271' title='bbox 945 2929 990 2971; x_wconf 91' lang='lat' dir='ltr'>ne</span> <span class='ocrx_word' id='word_1_272' title='bbox 1014 2907 1146 2974; x_wconf 76' lang='lat' dir='ltr'>faciliter</span> 
     </span>
     <span class='ocr_line' id='line_1_32' title="bbox 31 2987 1145 3076; baseline 0.003 -24"><span class='ocrx_word' id='word_1_273' title='bbox 31 2987 164 3069; x_wconf 87' lang='lat' dir='ltr'>judicer</span> <span class='ocrx_word' id='word_1_274' title='bbox 199 2987 360 3052; x_wconf 87' lang='lat' dir='ltr'>affirmare</span> <span class='ocrx_word' id='word_1_275' title='bbox 381 2993 473 3075; x_wconf 91' lang='lat' dir='ltr'>quod</span> <span class='ocrx_word' id='word_1_276' title='bbox 495 2990 629 3061; x_wconf 83' lang='lat' dir='ltr'>nescio.</span> <span class='ocrx_word' id='word_1_277' title='bbox 663 3011 762 3076; x_wconf 91' lang='lat' dir='ltr'>quam</span> <span class='ocrx_word' id='word_1_278' title='bbox 786 2991 1018 3076; x_wconf 84' lang='lat' dir='ltr'>decerequod</span> <span class='ocrx_word' id='word_1_279' title='bbox 1042 2991 1145 3054; x_wconf 48' lang='lat' dir='ltr'>scio?</span> 
     </span>
     <span class='ocr_line' id='line_1_33' title="bbox 33 3072 1145 3160; baseline 0 -23"><span class='ocrx_word' id='word_1_280' title='bbox 33 3076 81 3137; x_wconf 80' lang='lat' dir='ltr'>Ac</span> <span class='ocrx_word' id='word_1_281' title='bbox 103 3075 126 3136; x_wconf 87' lang='lat' dir='ltr'>li</span> <span class='ocrx_word' id='word_1_282' title='bbox 148 3089 262 3160; x_wconf 85' lang='lat' dir='ltr'>aperte</span> <span class='ocrx_word' id='word_1_283' title='bbox 285 3074 453 3160; x_wconf 80' lang='lat' dir='ltr'>praefatur</span> <span class='ocrx_word' id='word_1_284' title='bbox 474 3075 573 3136; x_wconf 90' lang='lat' dir='ltr'>Pater</span> <span class='ocrx_word' id='word_1_285' title='bbox 594 3073 740 3143; x_wconf 84' lang='lat' dir='ltr'>diceret.</span> <span class='ocrx_word' id='word_1_286' title='bbox 763 3072 876 3137; x_wconf 87' lang='lat' dir='ltr'>minue</span> <span class='ocrx_word' id='word_1_287' title='bbox 896 3073 933 3137; x_wconf 89' lang='lat' dir='ltr'>in</span> <span class='ocrx_word' id='word_1_288' title='bbox 947 3073 1145 3137; x_wconf 88' lang='lat' dir='ltr'>aeternitate</span> 
     </span>
     <span class='ocr_line' id='line_1_34' title="bbox 32 3155 1228 3248; baseline 0 -26"><span class='ocrx_word' id='word_1_289' title='bbox 32 3171 259 3222; x_wconf 88' lang='lat' dir='ltr'>creaturarum</span> <span class='ocrx_word' id='word_1_290' title='bbox 282 3155 455 3243; x_wconf 86' lang='lat' dir='ltr'>capacium</span> <span class='ocrx_word' id='word_1_291' title='bbox 479 3156 669 3221; x_wconf 87' lang='lat' dir='ltr'>tarditatem</span> <span class='ocrx_word' id='word_1_292' title='bbox 683 3159 905 3243; x_wconf 80' lang='lat' dir='ltr'>redargueret</span> <span class='ocrx_word' id='word_1_293' title='bbox 920 3156 965 3231; x_wconf 63' lang='lat' dir='ltr'>,si</span> <span class='ocrx_word' id='word_1_294' title='bbox 983 3157 1144 3222; x_wconf 87' lang='lat' dir='ltr'>asseruero</span> <span class='ocrx_word' id='word_1_295' title='bbox 1221 3227 1228 3248; x_wconf 52' lang='grc'><strong><em>,</em></strong></span> 
     </span>
     <span class='ocr_line' id='line_1_35' title="bbox 35 3236 1144 3326; baseline 0.002 -24"><span class='ocrx_word' id='word_1_296' title='bbox 35 3243 126 3326; x_wconf 89' lang='lat' dir='ltr'>quod</span> <span class='ocrx_word' id='word_1_297' title='bbox 149 3236 329 3305; x_wconf 75' lang='lat' dir='ltr'>firmissime</span> <span class='ocrx_word' id='word_1_298' title='bbox 355 3239 440 3315; x_wconf 91' lang='lat' dir='ltr'>scio,</span> <span class='ocrx_word' id='word_1_299' title='bbox 473 3239 649 3304; x_wconf 89' lang='lat' dir='ltr'>dominum</span> <span class='ocrx_word' id='word_1_300' title='bbox 671 3239 831 3304; x_wconf 85' lang='lat' dir='ltr'>videlicet</span> <span class='ocrx_word' id='word_1_301' title='bbox 853 3255 887 3304; x_wconf 88' lang='lat' dir='ltr'>et</span> <span class='ocrx_word' id='word_1_302' title='bbox 907 3241 1037 3325; x_wconf 86' lang='lat' dir='ltr'>semper</span> <span class='ocrx_word' id='word_1_303' title='bbox 1058 3263 1144 3304; x_wconf 89' lang='lat' dir='ltr'>crea·</span> 
     </span>
     <span class='ocr_line' id='line_1_36' title="bbox 35 3322 1144 3409; baseline 0.003 -24"><span class='ocrx_word' id='word_1_304' title='bbox 35 3337 142 3388; x_wconf 89' lang='lat' dir='ltr'>torem</span> <span class='ocrx_word' id='word_1_305' title='bbox 170 3340 205 3388; x_wconf 90' lang='lat' dir='ltr'>et</span> <span class='ocrx_word' id='word_1_306' title='bbox 234 3322 410 3388; x_wconf 90' lang='lat' dir='ltr'>dominum</span> <span class='ocrx_word' id='word_1_307' title='bbox 440 3339 609 3387; x_wconf 87' lang='lat' dir='ltr'>creaturae</span> <span class='ocrx_word' id='word_1_308' title='bbox 630 3323 741 3398; x_wconf 84' lang='lat' dir='ltr'>luisse,</span> <span class='ocrx_word' id='word_1_309' title='bbox 780 3343 820 3387; x_wconf 91' lang='lat' dir='ltr'>ac</span> <span class='ocrx_word' id='word_1_310' title='bbox 841 3345 899 3409; x_wconf 90' lang='lat' dir='ltr'>per</span> <span class='ocrx_word' id='word_1_311' title='bbox 920 3327 986 3388; x_wconf 93' lang='lat' dir='ltr'>hoc</span> <span class='ocrx_word' id='word_1_312' title='bbox 1009 3341 1042 3387; x_wconf 90' lang='lat' dir='ltr'>et</span> <span class='ocrx_word' id='word_1_313' title='bbox 1063 3323 1144 3394; x_wconf 86' lang='lat' dir='ltr'>sem·</span> 
     </span>
    </p>

    <p class='ocr_par' dir='ltr' id='par_1_7' title="bbox 33 3405 1147 4216">
     <span class='ocr_line' id='line_1_37' title="bbox 59 3405 1144 3472; baseline 0.002 -3"><span class='ocrx_word' id='word_1_314' title='bbox 59 3429 94 3470; x_wconf 92' lang='lat' dir='ltr'>er</span> <span class='ocrx_word' id='word_1_315' title='bbox 115 3423 301 3472; x_wconf 88' lang='lat' dir='ltr'>creaturam</span> <span class='ocrx_word' id='word_1_316' title='bbox 323 3405 521 3470; x_wconf 83' lang='lat' dir='ltr'>servientem</span> <span class='ocrx_word' id='word_1_317' title='bbox 546 3407 753 3470; x_wconf 80' lang='lat' dir='ltr'>substitutam</span> <span class='ocrx_word' id='word_1_318' title='bbox 773 3429 843 3472; x_wconf 92' lang='lat' dir='ltr'>non</span> <span class='ocrx_word' id='word_1_319' title='bbox 867 3407 1015 3472; x_wconf 80' lang='lat' dir='ltr'>defuisse.</span> <span class='ocrx_word' id='word_1_320' title='bbox 1058 3407 1144 3471; x_wconf 89' lang='lat' dir='ltr'>Nam</span> 
     </span>
     <span class='ocr_line' id='line_1_38' title="bbox 33 3429 1144 3578; baseline 0.004 -28"><span class='ocrx_word' id='word_1_321' title='bbox 33 3429 58 3550; x_wconf 66' lang='lat' dir='ltr'>i</span> <span class='ocrx_word' id='word_1_322' title='bbox 86 3491 214 3578; x_wconf 87' lang='lat' dir='ltr'>semper</span> <span class='ocrx_word' id='word_1_323' title='bbox 244 3505 394 3554; x_wconf 89' lang='lat' dir='ltr'>creatura</span> <span class='ocrx_word' id='word_1_324' title='bbox 428 3511 498 3554; x_wconf 89' lang='lat' dir='ltr'>non</span> <span class='ocrx_word' id='word_1_325' title='bbox 528 3489 612 3564; x_wconf 83' lang='lat' dir='ltr'>fnit,</span> <span class='ocrx_word' id='word_1_326' title='bbox 646 3489 795 3576; x_wconf 90' lang='lat' dir='ltr'>sequitur</span> <span class='ocrx_word' id='word_1_327' title='bbox 829 3512 939 3576; x_wconf 87' lang='lat' dir='ltr'>neque</span> <span class='ocrx_word' id='word_1_328' title='bbox 961 3505 1144 3556; x_wconf 85' lang='lat' dir='ltr'>creatorem</span> 
     </span>
     <span class='ocr_line' id='line_1_39' title="bbox 36 3572 1145 3667; baseline 0.005 -35"><span class='ocrx_word' id='word_1_329' title='bbox 36 3593 146 3667; x_wconf 78' lang='lat' dir='ltr'>neque</span> <span class='ocrx_word' id='word_1_330' title='bbox 177 3589 349 3639; x_wconf 85' lang='lat' dir='ltr'>creaturae</span> <span class='ocrx_word' id='word_1_331' title='bbox 378 3574 506 3659; x_wconf 87' lang='lat' dir='ltr'>semper</span> <span class='ocrx_word' id='word_1_332' title='bbox 536 3572 783 3638; x_wconf 90' lang='lat' dir='ltr'>dominatorem</span> <span class='ocrx_word' id='word_1_333' title='bbox 816 3574 975 3648; x_wconf 79' lang='lat' dir='ltr'>extitisle3</span> <span class='ocrx_word' id='word_1_334' title='bbox 1011 3591 1145 3638; x_wconf 85' lang='lat' dir='ltr'>atvero</span> 
     </span>
     <span class='ocr_line' id='line_1_40' title="bbox 37 3653 1146 3744; baseline 0.004 -30"><span class='ocrx_word' id='word_1_335' title='bbox 37 3674 114 3738; x_wconf 86' lang='lat' dir='ltr'>qma</span> <span class='ocrx_word' id='word_1_336' title='bbox 136 3671 170 3719; x_wconf 88' lang='lat' dir='ltr'>et</span> <span class='ocrx_word' id='word_1_337' title='bbox 193 3657 322 3744; x_wconf 90' lang='lat' dir='ltr'>semper</span> <span class='ocrx_word' id='word_1_338' title='bbox 343 3671 472 3722; x_wconf 84' lang='lat' dir='ltr'>creator</span> <span class='ocrx_word' id='word_1_339' title='bbox 495 3671 529 3719; x_wconf 91' lang='lat' dir='ltr'>et</span> <span class='ocrx_word' id='word_1_340' title='bbox 550 3657 709 3720; x_wconf 82' lang='lat' dir='ltr'>dominae</span> <span class='ocrx_word' id='word_1_341' title='bbox 732 3672 818 3729; x_wconf 79' lang='lat' dir='ltr'>erat,</span> <span class='ocrx_word' id='word_1_342' title='bbox 840 3654 1019 3722; x_wconf 88' lang='lat' dir='ltr'>necessario</span> <span class='ocrx_word' id='word_1_343' title='bbox 1042 3653 1146 3743; x_wconf 85' lang='lat' dir='ltr'>seqrii·</span> 
     </span>
     <span class='ocr_line' id='line_1_41' title="bbox 34 3738 1146 3825; baseline 0.005 -28"><span class='ocrx_word' id='word_1_344' title='bbox 34 3751 90 3798; x_wconf 87' lang='lat' dir='ltr'>tur</span> <span class='ocrx_word' id='word_1_345' title='bbox 118 3738 245 3825; x_wconf 89' lang='lat' dir='ltr'>semper</span> <span class='ocrx_word' id='word_1_346' title='bbox 275 3755 460 3806; x_wconf 88' lang='lat' dir='ltr'>creaturam</span> <span class='ocrx_word' id='word_1_347' title='bbox 492 3740 691 3804; x_wconf 84' lang='lat' dir='ltr'>servientem</span> <span class='ocrx_word' id='word_1_348' title='bbox 722 3740 900 3805; x_wconf 78' lang='lat' dir='ltr'>substitisse.</span> <span class='ocrx_word' id='word_1_349' title='bbox 945 3742 1023 3805; x_wconf 87' lang='lat' dir='ltr'>Non</span> <span class='ocrx_word' id='word_1_350' title='bbox 1054 3740 1146 3804; x_wconf 89' lang='lat' dir='ltr'>enim</span> 
     </span>
     <span class='ocr_line' id='line_1_42' title="bbox 38 3819 1147 3910; baseline 0.004 -28"><span class='ocrx_word' id='word_1_351' title='bbox 38 3819 192 3885; x_wconf 78' lang='lat' dir='ltr'>accident</span> <span class='ocrx_word' id='word_1_352' title='bbox 221 3823 364 3890; x_wconf 86' lang='lat' dir='ltr'>creatori</span> <span class='ocrx_word' id='word_1_353' title='bbox 397 3822 551 3888; x_wconf 89' lang='lat' dir='ltr'>omnium</span> <span class='ocrx_word' id='word_1_354' title='bbox 582 3824 626 3887; x_wconf 84' lang='lat' dir='ltr'>est</span> <span class='ocrx_word' id='word_1_355' title='bbox 657 3823 776 3888; x_wconf 85' lang='lat' dir='ltr'>creasse</span> <span class='ocrx_word' id='word_1_356' title='bbox 803 3845 889 3910; x_wconf 84' lang='lat' dir='ltr'>quae</span> <span class='ocrx_word' id='word_1_357' title='bbox 911 3823 1054 3898; x_wconf 71' lang='lat' dir='ltr'>crearit,</span> <span class='ocrx_word' id='word_1_358' title='bbox 1090 3824 1147 3886; x_wconf 90' lang='lat' dir='ltr'>sed</span> 
     </span>
     <span class='ocr_line' id='line_1_43' title="bbox 37 3902 1147 3993; baseline 0.005 -28"><span class='ocrx_word' id='word_1_359' title='bbox 37 3902 104 3966; x_wconf 87' lang='lat' dir='ltr'>sola</span> <span class='ocrx_word' id='word_1_360' title='bbox 125 3907 350 3992; x_wconf 85' lang='lat' dir='ltr'>perpetuitate</span> <span class='ocrx_word' id='word_1_361' title='bbox 378 3907 445 3972; x_wconf 89' lang='lat' dir='ltr'>sem</span> <span class='ocrx_word' id='word_1_362' title='bbox 471 3929 507 3971; x_wconf 90' lang='lat' dir='ltr'>er</span> <span class='ocrx_word' id='word_1_363' title='bbox 530 3906 680 3971; x_wconf 89' lang='lat' dir='ltr'>ascendit</span> <span class='ocrx_word' id='word_1_364' title='bbox 700 3922 734 3970; x_wconf 91' lang='lat' dir='ltr'>et</span> <span class='ocrx_word' id='word_1_365' title='bbox 754 3907 928 3992; x_wconf 85' lang='lat' dir='ltr'>praecellit</span> <span class='ocrx_word' id='word_1_366' title='bbox 944 3927 1035 3993; x_wconf 73' lang='lat' dir='ltr'>quae</span> <span class='ocrx_word' id='word_1_367' title='bbox 1059 3927 1147 3970; x_wconf 87' lang='lat' dir='ltr'>crea·</span> 
     </span>
     <span class='ocr_line' id='line_1_44' title="bbox 36 3931 1147 4078; baseline 0.005 -31"><span class='ocrx_word' id='word_1_368' title='bbox 36 3985 105 4049; x_wconf 81' lang='lat' dir='ltr'>vit:</span> <span class='ocrx_word' id='word_1_369' title='bbox 140 4007 259 4052; x_wconf 85' lang='lat' dir='ltr'>vereor</span> <span class='ocrx_word' id='word_1_370' title='bbox 285 3991 417 4056; x_wconf 88' lang='lat' dir='ltr'>ironice</span> <span class='ocrx_word' id='word_1_371' title='bbox 447 3931 628 4078; x_wconf 78' lang='lat' dir='ltr'>luggillane</span> <span class='ocrx_word' id='word_1_372' title='bbox 660 4011 705 4054; x_wconf 91' lang='lat' dir='ltr'>ne</span> <span class='ocrx_word' id='word_1_373' title='bbox 727 3989 814 4054; x_wconf 87' lang='lat' dir='ltr'>sorte</span> <span class='ocrx_word' id='word_1_374' title='bbox 833 3989 965 4070; x_wconf 84' lang='lat' dir='ltr'>judicer</span> <span class='ocrx_word' id='word_1_375' title='bbox 986 3989 1147 4053; x_wconf 79' lang='lat' dir='ltr'>affirmare</span> 
     </span>
     <span class='ocr_line' id='line_1_45' title="bbox 38 4069 1146 4216; baseline 0.002 -85"><span class='ocrx_word' id='word_1_376' title='bbox 38 4073 129 4216; x_wconf 64' lang='lat' dir='ltr'>puod</span> <span class='ocrx_word' id='word_1_377' title='bbox 149 4069 274 4147; x_wconf 87' lang='lat' dir='ltr'>nescio,</span> <span class='ocrx_word' id='word_1_378' title='bbox 299 4097 399 4162; x_wconf 87' lang='lat' dir='ltr'>quam</span> <span class='ocrx_word' id='word_1_379' title='bbox 423 4077 544 4139; x_wconf 88' lang='lat' dir='ltr'>docere</span> <span class='ocrx_word' id='word_1_380' title='bbox 566 4075 657 4161; x_wconf 88' lang='lat' dir='ltr'>quod</span> <span class='ocrx_word' id='word_1_381' title='bbox 678 4070 758 4138; x_wconf 88' lang='lat' dir='ltr'>scio.</span> <span class='ocrx_word' id='word_1_382' title='bbox 789 4078 1030 4139; x_wconf 82' lang='lat' dir='ltr'>Incunctanter</span> <span class='ocrx_word' id='word_1_383' title='bbox 1051 4070 1146 4157; x_wconf 86' lang='lat' dir='ltr'>siqui·</span> 
     </span>
    </p>

    <p class='ocr_par' dir='ltr' id='par_1_8' title="bbox 62 4153 1147 4244">
     <span class='ocr_line' id='line_1_46' title="bbox 62 4153 1147 4244; baseline 0.002 -28"><span class='ocrx_word' id='word_1_384' title='bbox 62 4175 113 4220; x_wconf 90' lang='lat' dir='ltr'>ern</span> <span class='ocrx_word' id='word_1_385' title='bbox 136 4153 291 4244; x_wconf 80' lang='lat' dir='ltr'>intelligo</span> <span class='ocrx_word' id='word_1_386' title='bbox 313 4159 441 4244; x_wconf 86' lang='lat' dir='ltr'>semper</span> <span class='ocrx_word' id='word_1_387' title='bbox 464 4173 498 4222; x_wconf 89' lang='lat' dir='ltr'>et</span> <span class='ocrx_word' id='word_1_388' title='bbox 519 4173 704 4223; x_wconf 84' lang='lat' dir='ltr'>creaturam</span> <span class='ocrx_word' id='word_1_389' title='bbox 727 4172 760 4221; x_wconf 85' lang='lat' dir='ltr'>et</span> <span class='ocrx_word' id='word_1_390' title='bbox 782 4173 964 4224; x_wconf 86' lang='lat' dir='ltr'>creatorem</span> <span class='ocrx_word' id='word_1_391' title='bbox 988 4159 1078 4234; x_wconf 79' lang='lat' dir='ltr'>eiua,</span> <span class='ocrx_word' id='word_1_392' title='bbox 1111 4171 1147 4218; x_wconf 90' lang='lat' dir='ltr'>et</span> 
     </span>
    </p>
   </div>
   <div class='ocr_carea' id='block_1_7' title="bbox 0 0 1452 4822">
    <p class='ocr_par' dir='ltr' id='par_1_9' title="bbox 0 0 1452 4822">
     <span class='ocr_line' id='line_1_47' title="bbox 0 0 1452 4822; baseline 0 0"><span class='ocrx_word' id='word_1_393' title='bbox 0 0 1452 4822; x_wconf 95' lang='lat' dir='ltr'> </span> 
     </span>
    </p>
   </div>
  </div>
 </body>
</html>
