3036 4862
164 195 171 200 ’
303 165 383 298 aaa
624 225 1073 298 veremudum.
1211 333 1216 350 Ι

305 429 380 478 rere
411 425 483 474 non
512 406 637 496 potest,
670 433 775 500 quum
795 411 941 478 informe
963 427 998 477 et
1017 411 1224 482 deformect
1247 421 1347 495 torpe
1376 409 1427 474 ess

306 509 341 560 et
360 489 546 569 incausale,
578 493 654 578 quia
676 511 774 560 acute
794 494 1015 583 perspexerim
1045 493 1150 581 ipsam
1170 490 1325 579 profecto
1346 511 1428 556 om·

305 575 391 644 nino
411 561 536 640 bonim
556 577 721 663 reperiet,
745 581 838 666 quod
859 579 918 644 tali
939 591 1137 666 argomento
1159 573 1428 640 manifestiffimc

304 659 476 746 possumus
500 662 693 758 approbare.
724 664 895 728 Ponamur
913 661 1005 726 enim
1020 665 1105 727 duca
1119 657 1286 734 bominac,
1308 679 1428 724 unum

307 741 444 830 quidem
465 741 685 830 sapientem,⁸
705 761 740 809 ct
759 747 854 812 nullo
874 733 977 811 mollo
999 743 1157 810 avaritiae
1177 739 1316 806 stimulic
1338 741 1428 804 titil-

286 827 412 918 ,latum
440 823 511 902 seu¹
532 845 607 890 com
633 842 792 906 unctum,
828 830 970 914 alterum
984 847 1071 902 aro
1092 825 1247 901 stultum,
1281 845 1428 888 avarum

308 907 450 974 omnino
479 929 598 994 perver
613 933 652 977 ac
679 911 875 998 cupiditatis
897 911 1020 976 acoleia
1042 909 1217 976 confixum
1238 927 1277 972 ac
1296 909 1425 972 lacera·

307 1005 398 1056 tumr
421 989 474 1054 hia
496 993 628 1058 duobus
648 1016 719 1060 uno
740 997 817 1060 loco
832 995 1019 1060 constitutit
1033 993 1189 1060 afferatur
1204 1011 1263 1056 var
1280 989 1427 1076 aliquod

307 1073 424 1140 obrizo
447 1077 945 1165 aurosactum,·pretios1ffimir
966 1076 1106 1165 gemmis
1124 1077 1329 1148 decoratum,
1354 1073 1427 1138 sor·

306 1179 362 1222 ma
394 1157 619 1244 pulcherrima
640 1162 878 1249 compositum,
910 1161 1013 1250 regali
1035 1161 1096 1224 usu
1121 1157 1283 1246 dignum:
1320 1157 1426 1220 ambo

308 1240 396 1304 illud
415 1238 601 1328 aspiciunt,
623 1244 765 1331 ‚sapient
786 1243 947 1311 videlicet
968 1259 1002 1310 et
1023 1263 1165 1317 avarus,
1196 1243 1294 1306 ambo
1317 1238 1425 1325 ipfior

306 1323 389 1388 valia
410 1325 614 1410 phantasram
638 1329 698 1393 suo
719 1349 881 1415 corporeo
904 1329 999 1393 sensu
1019 1325 1211 1412 recipiunt,
1233 1321 1424 1387 memoriae

306 1403 477 1504 iqfigunt,
500 1407 708 1496 cogitatione
730 1427 898 1476 tractante
933 1427 967 1476 et
987 1411 1118 1498 sapient
1139 1405 1277 1506 quidem
1297 1403 1424 1551 simpli·

307 1503 393 1555 crter
429 1493 473 1556 ad
493 1493 627 1558 laudem
647 1494 805 1560 creatoria
826 1510 1020 1559 naturarum
1041 1491 1306 1580 pulcritudinem
1328 1490 1352 1552 rl
1369 1508 1427 1552 rue

306 1573 390 1638 vasta
419 1578 515 1654 cujue
543 1578 749 1661 phantasiam
773 1577 862 1642 intra
883 1578 1095 1663 semetipsum
1117 1573 1321 1648 considerat,
1350 1591 1427 1636 om·

304 1655 393 1720 nino
413 1658 526 1722 refert.
570 1661 672 1724 Nulla
693 1660 725 1724 ei
746 1660 941 1747 cupiditatis
963 1661 1119 1724 illecebra
1139 1655 1311 1741 subrepit,
1345 1653 1425 1717 nul·

306 1739 380 1802 lum
400 1737 624 1827 philargyriae
645 1765 818 1807 venenum
840 1743 1066 1810 intentionem
1089 1759 1193 1828 purae
1213 1737 1422 1824 ipfiuamcn·

304 1819 351 1885 tir
372 1819 500 1897 inficit,
535 1825 629 1888 nulla
649 1825 756 1892 libido
778 1827 1005 1892 contaminat:
1039 1845 1157 1890 avarae
1178 1841 1258 1886 vcro
1279 1819 1430 1915 panitur

309 1923 330 1968 e
356 1903 537 1972 contrario.
581 1909 641 1972 Ille
668 1931 815 1996 namque
835 1931 915 1976 mox
935 1925 975 1974 ut
993 1907 1197 1996 phantasiam
1218 1903 1301 1968 valia
1322 1901 1427 1966 imbi-

306 1984 413 2063 berit»
450 1987 647 2073 cupiditatis
667 1994 801 2057 flamma
824 1992 984 2068 ardetcit,
1010 1989 1236 2063 consumitur,
1257 1984 1426 2051 contami·

305 2085 425 2146 natur,
446 2072 611 2138 moritura
645 2075 912 2162 pulcritudinem
933 2089 1072 2140 naturae
1093 2073 1262 2159 ipsiatque
1304 2071 1424 2132 banta-

306 2154 427 2220 fiarum
454 2175 526 2222 non
557 2159 600 2222 ad
619 2159 754 2224 laudem
775 2159 878 2246 ipsruc
899 2155 959 2246 qui
980 2157 1083 2234 dixit,
1114 2171 1257 2219 meum
1306 2173 1425 2214 meram

306 2261 410 2302 merem
437 2237 485 2327 cst
513 2255 704 2324 argentum,
734 2243 901 2306 reserent:
932 2242 989 2306 sed
1017 2239 1160 2326 seipsum
1190 2237 1227 2302 in
1264 2233 1425 2304 ceticiffi·

307 2343 398 2386 mam
419 2321 615 2406 cupiditatis
635 2327 794 2411 paludem
817 2324 1018 2412 immergent
1041 2339 1076 2388 et
1102 2321 1137 2386 in
1204 2319 1325 2408 girans.
1369 2317 1423 2381 vi·

308 2408 412 2469 derne
435 2403 539 2469 uniar
566 2407 649 2471 vafia
679 2407 884 2494 phantasiam
915 2405 952 2472 in
977 2422 1122 2493 utroque
1168 2423 1268 2468 onam
1289 2415 1325 2466 et
1344 2401 1421 2488 pul·

306 2485 425 2552 cram‘l
447 2485 561 2553 sedin
583 2489 726 2576 sapienti
746 2491 842 2555 senso
863 2491 1000 2576 simplex
1013 2487 1066 2554 ‚cll
1087 2503 1121 2552 et
1143 2485 1322 2560 naturalia,
1344 2484 1421 2547 nul·

306 2571 406 2656 laque
426 2567 476 2632 rei
495 2570 625 2636 malitia
646 2573 771 2648 subest,
793 2572 831 2670 ip
856 2593 956 2636 avaro
979 2587 1090 2636 autem
1111 2571 1237 2656 duplex
1259 2583 1294 2632 et
1314 2566 1422 2631 mixta

306 2653 353 2718 esi
379 2652 548 2718 contrario
575 2656 664 2720 malo
699 2654 896 2743 cupidrtatia
918 2677 1003 2741 quae
1024 2653 1055 2718 ci
1076 2653 1237 2718 miscetur
1258 2667 1292 2716 et
1315 2652 1354 2714 ab
1380 2671 1419 2714 ea

307 2737 472 2802 formatur
503 2751 538 2800 et
558 2739 746 2815 coloratur,
774 2753 815 2802 ut
833 2738 989 2802 videatur
1010 2737 1072 2801 else
1094 2739 1245 2812 bonum,
1276 2737 1358 2799 dum
1380 2733 1421 2796 bt

305 2817 597 2886 vencnofiffimum
611 2823 746 2886 malum.
778 2823 857 2886 Non
879 2841 958 2907 ergo
978 2819 1014 2884 in
1030 2835 1150 2884 natura
1165 2823 1311 2883 bumana
1325 2816 1420 2903 plan·

266 2958 271 2985 ,
306 2917 416 2968 tatum
446 2903 490 2966 cll
517 2907 661 2981 malurn,
690 2904 811 2970 sedin
849 2905 1003 2991 perverso
1025 2917 1059 2968 et
1079 2900 1301 2966 irrationabili
1321 2915 1421 2964 motu

263 2988 267 3033 ⁵
304 2984 517 3054 rationabilia
554 2985 744 3076 liberaeque
779 2987 966 3053 voluntatis
994 2987 1039 3051 eil
1068 2983 1296 3052 constitutum.
1347 2982 1419 3068 Qui

253 3083 269 3109 ’·
305 3085 420 3138 motua
442 3089 512 3136 nou
534 3071 623 3138 intra
643 3089 816 3146 naturam,
840 3071 897 3136 scd
922 3085 1012 3135 extra
1034 3083 1069 3132 et
1090 3090 1132 3134 err
1154 3065 1280 3132 bestiali
1293 3065 1417 3130 intem·

305 3154 460 3242 perantia
488 3154 615 3220 sumtus
644 3154 864 3242 perspicitur,
899 3153 1060 3218 miscetur
1080 3173 1157 3217 cum
1178 3153 1271 3234 bono
1292 3149 1419 3214 actin-

222 3285 226 3296 .
296 3291 298 3296 .
354 3239 423 3302 itur
450 3236 584 3323 antiqui
611 3237 710 3302 bollir
744 3236 882 3302 consilio
899 3253 939 3300 et
960 3235 1094 3313 astutia,
1128 3237 1226 3300 etad
1248 3230 1419 3319 decipien-

306 3261 369 3387 iiia
398 3319 583 3416 carnalium
610 3319 765 3384 sensuum
798 3319 995 3418 libidinosae
1007 3318 1173 3418 ,affectum
1212 3339 1251 3384 ac
1271 3337 1332 3415 per
1350 3317 1420 3380 hoc

305 3405 823 3584 ttttttttmttltatts:
842 3403 1258 3552 institistis,
1278 3401 1417 3580 {2⁰33}

243 3613 249 3628 .
305 3588 448 3636 ommno
469 3568 667 3634 naturaliter
688 3571 831 3635 asserunt
897 3591 915 3634 e
938 3573 1066 3634 bonum
1089 3585 1124 3633 et
1144 3567 1355 3633 historialiter
1376 3587 1414 3629 rn

303 3649 458 3741 paradiso
477 3652 580 3716 locali
598 3653 742 3731 sactum,
766 3657 862 3734 cujur
882 3654 1011 3718 sructm
1033 3651 1190 3729 scientia,
1212 3654 1280 3715 boc
1306 3649 1350 3714 est
1363 3670 1417 3714 er·

304 3733 532 3824 perimentum
560 3736 643 3801 boni
675 3753 708 3800 et
739 3735 829 3802 mali.
871 3739 959 3801 Nam
985 3737 1009 3800 fi
1031 3752 1123 3801 tactu
1146 3753 1180 3801 ct
1200 3733 1417 3822 gustuipsrua

303 3817 418 3916 primi·
437 3817 592 3884 homines
624 3821 656 3918 se
685 3821 902 3895 abstinerent,
933 3819 1018 3884 ficut
1053 3819 1101 3884 eir
1121 3815 1415 3918 praeceptum-eil,

301 3917 955 4083 taruennensem„tf
991 3905 1417 4052 tteuttttnt

304 4085 363 4134 tut
384 4068 650 4146 consentienter,
675 4071 731 4132 sua
751 4069 933 4136 miserrima
949 4069 1215 4158 intemperantia
1237 4073 1280 4136 dc
1299 4071 1414 4136 fructu

303 4151 406 4237 ipsine
428 4171 538 4218 ercam
558 4152 764 4220 mortiferam
786 4152 905 4222 illicite
928 4153 1117 4228 sumerent,
1150 4169 1306 4242 aeternae
1327 4176 1414 4221 mor-
