2952 4824
446 253 755 351 nonnam.
840 191 844 198 ¹
1117 253 1175 330 ra

74 461 201 510 omnem
229 455 361 510 motum
375 457 554 516 ornaturae
574 439 764 518 distribuit,
794 441 907 508 nean
927 457 1008 508 vero
1029 439 1174 510 liberum

73 526 159 592 omni
182 542 280 592 motu
300 524 402 602 facia,
418 541 587 592 tantaene
607 526 775 594 tarditatis
796 547 846 602 eo,
868 541 909 589 ut
929 524 962 590 ei
983 548 1002 590 a
1023 547 1090 614 quo
1104 547 1174 592 om·

72 631 143 676 nom
168 625 302 676 motum
330 609 505 688 abstrahis,
536 610 646 676 facero
672 612 728 674 vel
748 608 820 708 pati
842 608 984 684 tribunat
1017 630 1095 676 curn
1114 609 1174 674 ista

73 697 133 760 duo
151 692 385 760 indubitanter
405 714 476 760 non
498 691 560 758 nist
579 692 617 758 in
638 692 692 758 bia
731 696 831 758 uabua
845 708 958 758 motua
972 691 1075 768 inest,
1099 691 1173 758 fleri

72 777 151 863 polle
172 775 341 864 prioribua
361 775 619 842 rationabilibus
641 716 935 850 conbiufionibua,
958 791 999 840 ut
1019 775 1172 852 arbitror,

71 881 133 924 noo
155 861 293 926 incaute
316 859 472 926 dederis?
497 863 540 924 D.
562 863 615 924 De
635 857 707 946 pati
729 861 948 926 nullomodo
971 857 1172 948 dubitarint

73 945 113 1008 lm
138 941 297 1009 affibilem
323 963 470 1030 namque
499 947 611 1008 Deum
642 945 705 1008 elle
726 943 867 1010 omnino
890 957 924 1006 et
944 945 1043 1008 credo
1068 941 1173 1006 etin·

71 967 197 1114 tolbg03
230 1023 414 1124 grffiouem
429 1025 524 1125 ..⁶5⁰9
555 1046 641 1113 quae
672 1047 694 1091 o
718 1025 859 1113 ponitur
892 1026 1016 1102 facere,
1050 1023 1088 1124 id
1117 1025 1172 1124 eil,

71 1109 146 1174 fieri.
180 1111 269 1207 Quat
289 1107 383 1174 enim
404 1111 525 1175 dixerit
546 1125 605 1174 aut
625 1131 680 1176 ere
704 1109 823 1186 iderit.
847 1125 975 1198 quanto
996 1129 1104 1196 magra
1122 1129 1174 1172 rn-
1257 1165 1261 1181 ,

71 1195 244 1270 tdlexerrt‚
266 1195 380 1258 neum
400 1193 473 1281 pati
493 1192 588 1268 fieri,
612 1196 694 1258 dum
714 1194 922 1268 creatoris,
953 1213 1024 1258 non
1046 1206 1175 1258 creatu·
1228 1209 1233 1221 ¹
1291 1227 1296 1241 ·

70 1275 123 1340 rai
148 1280 242 1344 Dum
270 1275 383 1353 enim,
416 1291 456 1340 ut
483 1278 681 1356 jamdudum
708 1275 799 1344 inter
817 1299 881 1344 noa
903 1277 1098 1366 coniectum
1119 1275 1174 1376 eil,
1296 1297 1299 1304 ¹

71 1357 136 1424 fieri
161 1355 257 1424 Dent
282 1358 426 1436 dicitur,
457 1359 599 1446 figurata
619 1363 764 1447 quadarn
783 1358 960 1427 locutione
980 1357 1049 1426 dici
1069 1379 1176 1424 mana·

71 1443 176 1508 felium
207 1438 264 1508 elt
318 1441 408 1507 Fieri
437 1441 600 1530 liquidem
631 1441 818 1508 aestimatur
848 1443 885 1508 in
915 1440 1074 1508 creaturis
1106 1440 1175 1506 suia

71 1523 311 1601 universaliter,
334 1529 417 1590 dum
436 1526 473 1590 in
496 1526 543 1590 eia
567 1547 638 1591 non
656 1528 762 1592 solum
784 1525 987 1612 intelligitur
1003 1527 1084 1601 effe,
1105 1525 1191 1589 fine*
1258 1523 1273 1592 ”.

71 1629 130 1696 quo
155 1611 217 1674 ello
245 1630 320 1674 non
349 1609 499 1694 pollunt3
535 1611 593 1674 led
622 1626 656 1674 et
686 1631 802 1676 eorum
830 1609 968 1674 ellentia
996 1610 1045 1674 fit.
1095 1603 1176 1700 Effe

72 1697 156 1768 euim,
176 1697 319 1760 omnium
340 1691 409 1779 estr
438 1688 607 1785 Supereffa
628 1707 757 1770 autem,
777 1695 989 1766 divinitatis,
1010 1707 1050 1756 ut
1071 1693 1175 1758 Sano-

76 1791 123 1839 tua
149 1776 195 1842 ait
222 1777 422 1869 Dionyfius.
464 1775 600 1842 Dicitur
628 1775 731 1844 etiam
758 1775 796 1842 in
826 1775 1001 1842 animabat
1023 1775 1179 1842 fidelium

73 1857 155 1938 beri,
187 1863 273 1926 dum
300 1876 360 1924 aut
388 1879 450 1945 pqr
478 1859 581 1924 fidem
604 1877 637 1924 et
656 1860 820 1926 virtutem
840 1859 878 1926 in
902 1859 950 1924 eit
971 1857 1176 1946 concipitur,

75 1958 125 2039 aut
133 1963 200 2092 Xer
221 1943 329 2090 fi‘bbm
350 1943 623 2038 quodam-modo
645 1942 785 2041 inchoat
805 1941 962 2041 intelligi.
1004 1942 1062 2007 Nil
1085 1941 1179 2008 enim

74 2026 923 2255 {iifcissnaai'210¹ii331¹i¹ii3‘lai²{}piiiail’iia}
943 2028 1178 2254 llldlglplt
1220 2115 1223 2120 ·

75 2211 624 2360 ..imiimi-‚32²5
636 2205 1179 2339 l2.5lzl⁰ll..:lf‘ll.l¹..

76 2357 129 2422 teri
157 2357 314 2422 audiena.
365 2359 412 2422 Μ.
436 2358 569 2429 ¹Facere
596 2355 665 2420 fine
696 2371 793 2420 motu
821 2355 978 2420 facientia
1008 2357 1071 2420 offe
1103 2376 1177 2420 non
1287 2423 1299 2434 ,

74 2442 167 2526 polle.
188 2446 259 2522 iarn
283 2438 409 2504 dedisti.
451 2443 495 2504 D.
518 2436 618 2502 Dedi.
660 2440 708 2502 Μ.
732 2442 799 2504 dut
819 2439 924 2526 igitur
943 2455 1078 2504 motum
1099 2441 1176 2504 Deo

77 2523 176 2600 dabit,
196 2525 271 2590 fine
292 2545 360 2609 quo
380 2523 491 2588 facere
512 2541 582 2586 uon
597 2519 826 2610 intelligitur,
855 2535 914 2588 aut
934 2522 1030 2588 simul
1052 2536 1087 2586 et
1106 2542 1177 2588 mo·

77 2622 140 2672 turn
161 2623 193 2672 et
214 2608 329 2670 facere
350 2603 390 2670 ab
413 2627 454 2671 eo
476 2604 617 2670 auferes.
761 2607 770 2618 '

127 2699 175 2772 74
198 2687 410 2757 Haeoenim
432 2692 500 2754 duo
524 2687 615 2752 inter
635 2707 675 2752 ea
695 2707 781 2772 quae
801 2687 897 2752 simul
917 2687 1017 2764 iant,
1040 2708 1179 2772 eompu-
1263 2721 1273 2738 .
1310 2771 1314 2779 Ι

77 2789 197 2852 trntur;
226 2773 325 2838 fimo]
349 2794 393 2836 ue
421 2771 578 2836 oriuntur
609 2785 644 2834 et
664 2769 836 2835 occidunt.
878 2774 921 2836 D.
944 2773 1079 2835 Motum
1102 2773 1178 2834 Deo

78 2859 144 2922 dare
168 2878 241 2924 non
274 2795 423 2942 polium,
453 2853 513 3000 gui
546 2853 635 2918 solua
655 2851 875 2918 immutabilia
898 2853 959 2927 est,
992 2855 1181 2919 nechabet

78 2961 155 3036 guo,
180 2942 238 3024 rel
274 2941 317 3004 ad
346 2937 430 3025 quid

78 3043 169 3088 nomo
204 3045 290 3090 eum
317 3021 357 3086 fir
387 3019 458 3106 ipl'e
489 3018 614 3084 omnia.
659 3020 781 3082 Facere
808 3039 889 3082 vero
924 3020 964 3080 ab
987 3039 1028 3082 eo
1051 3019 1182 3082 auferre

78 3127 140 3172 non
158 3108 312 3193 polium,
340 3125 419 3168 cum
441 3101 481 3166 fit
500 3101 609 3166 factor
631 3099 796 3168 omnium.
837 3103 888 3164 M.
912 3101 1014 3186 Segro
1039 3099 1108 3164 abia
1132 3122 1182 3164 er·

134 3205 267 3254 motum
289 3201 323 3251 et
343 3185 462 3252 iacere.
505 3189 548 3248 D.
572 3187 624 3250 No
645 3184 682 3249 id
725 3183 860 3259 uidem
884 3186 965 3248 dum
982 3122 1184 3270 inieparabi·

77 3209 197 3337 biolo
217 3295 237 3336 a
262 3267 465 3335 seinvicem
486 3267 599 3333 video.
631 3272 680 3334 M.
703 3207 810 3353 buid-
823 3288 901 3354 ergo
924 3267 1073 3331 facturua
1092 3264 1181 3330 eriri

79 3357 116 3418 D.
140 3355 284 3430 Nescio;
316 3367 418 3439 atque
447 3351 525 3418 ideo
556 3365 596 3414 ut
624 3351 715 3416 viam
745 3353 913 3436 quandam
933 3348 1019 3414 mihi
1043 3347 1182 3435 aperiat,

80 3437 264 3526 luminaque
294 3439 359 3500 hao
389 3433 585 3499 difficultate
614 3456 670 3500 me
697 3433 837 3508 liberer,
870 3432 995 3498 obnixe
1016 3431 1181 3519 supplico.

79 3521 121 3584 Μ.
156 3521 283 3607 Accipe
309 3517 414 3606 igitur
440 3520 534 3582 buno
562 3515 789 3582 ratiocinandi
818 3517 1034 3602 progreilnm.
1088 3514 1184 3600 Quid

81 3601 136 3668 tibi
154 3601 317 3670 videtur?
348 3623 433 3668 num
453 3603 546 3664 Deua
568 3599 751 3684 eratpriua
773 3621 874 3684 quarn
897 3599 1012 3666 omnia
1032 3595 1181 3664 faceret?

474 2950 671 3009 amoveat,
706 2957 785 3000 cum
812 2935 943 3024 inipso
965 2933 1177 3010 fintomnia‚
1214 2945 1221 2954 ‘
1284 2973 1290 2982 ·

80 3687 118 3751 D.
137 3687 275 3754 Videtur
295 3682 381 3750 mibi
401 3681 506 3748 inille.
547 3683 598 3750 M.
625 3681 791 3748 decidens
815 3701 894 3769 ergo
916 3681 949 3746 ei
970 3697 1041 3746 erat
1062 3683 1183 3748 facore.
1301 3695 1306 3716 ‘
1390 3773 1395 3780 Ι

81 3769 158 3836 Nun
176 3771 272 3858 qnod
293 3766 326 3832 ei
348 3781 564 3832 coaeternum
583 3785 656 3832 non
676 3765 729 3853 cll,
751 3780 853 3852 atque
873 3755 1186 3842 coeffentiale3.aut

85 3850 166 3920 aliud
191 3868 286 3920 extra
318 3872 396 3916 eum
410 3907 416 3925 „
431 3850 493 3926 est,
526 3864 584 3914 aut
604 3847 637 3914 ei
657 3848 825 3914 accident.
866 3853 909 3915 D.
931 3848 1034 3914 Aliud
1052 3863 1186 3948 praeter

86 3953 154 4001 turn
171 3953 206 4004 ot
227 3951 320 4002 extra
340 3955 419 4000 eum
441 3933 598 4000 ellenon
620 3931 836 3998 crediderint:
853 3930 894 3998 in
909 3931 983 4032 il’s‘?
1006 3954 1098 3998 emm
1115 3952 1186 3996 om·

83 4015 254 4094 uitione,
285 4032 378 4086 extra
404 4016 418 4082 i
443 4015 516 4082 tam
543 4015 632 4082 nibil
653 4015 717 4101 εἰη
748 4017 882 4083 nullum
905 4019 938 4094 θ’»
959 4014 1115 4090 accident
1135 4029 1185 4080 te·

83 4121 165 4170 ntro
184 4101 345 4170 dederim·
441 4097 547 4188 oquin
564 4099 705 4186 simplex
727 4120 798 4166 non
822 4099 886 4179 ell,
907 4100 967 4166 lod
988 4121 1030 4166 ex
1051 4092 1187 4164 edentia
1303 4116 1306 4124 ·

85 4199 116 4248 u
141 4183 371 4258 accideruibua
402 4187 567 4274 quaedam
587 4183 797 4316 conpulitio.
833 4185 928 4257 ‚nam
947 4184 972 4252 li
992 4181 1086 4254 aliud
1107 4197 1186 4248 turn
