2952 4824
279 251 353 322 roo
617 252 672 324 oe
692 251 878 322 uanam
897 251 1071 324 monn.
1144 249 1161 268 ¹

279 433 359 512 teria
387 433 562 521 eligerem,
597 436 621 504 st
651 459 708 503 me
738 437 916 536 paululum
947 457 1019 501 non
1040 449 1192 500 moveret
1210 433 1270 499 illa
1291 436 1395 500 ambi·

326 517 389 584 itae
420 539 506 605 quae
535 520 572 583 in
593 521 775 606 praedictat
793 519 1043 608 'intelligentiae
1064 517 1326 584 diacretionibue
1345 518 1397 582 ri-

304 617 378 666 etur
406 601 498 666 oriri.
542 605 628 668 Nam
662 603 807 669 ut'milti
828 603 981 680 videtur,
1018 617 1077 669 aut
1095 623 1198 690 parva
1219 616 1278 666 aut
1297 601 1397 666 nulla

241 697 252 706 '
281 683 472 752 differentia
494 685 538 749 ell
558 686 647 750 inter
669 709 786 754 eorum
806 685 1038 761 intellectum,
1065 685 1124 774 qni
1146 686 1267 752 dicunt
1287 684 1399 750 infor-

280 768 434 832 mitatem
455 769 632 857 utriueque
655 788 795 836 naturae
816 769 1055 858 (intelligibilia
1078 769 1154 834 dieo
1177 785 1277 855 atque
1298 768 1399 834 lculi·

267 850 369 930 ¹bilia)
407 867 441 916 et
463 873 580 918 eorum
600 855 659 954 qui
678 853 913 941 primordiales
935 854 1047 918 caulae
1069 851 1339 940 intelligibilium
1364 868 1400 915 et

280 935 483 1000 fenfibilium
506 938 687 1024 praedictis
711 937 902 1025 scripturae
923 936 1033 1002 verbia
1060 937 1238 1023 descriptae
1261 937 1324 1000 elle
1345 940 1401 1016 ju·

282 1018 408 1083 dicant.
453 1021 540 1085 Nam
570 1019 752 1088 informem
781 1021 955 1086 materiam
985 1025 1123 1108 ejusque
1150 1017 1401 1084 informitatem

230 1165 233 1172 .
281 1103 413 1166 nuum
435 1107 604 1190 quandam
624 1127 737 1170 rerum
759 1107 823 1170 elle
845 1104 1010 1189 dicimue3
1042 1104 1078 1168 in
1102 1125 1140 1168 ea
1162 1102 1326 1190 liquidem
1346 1100 1401 1166 iu·

282 1187 426 1260 choant.
450 1188 603 1275 quamvis
623 1187 832 1266 informiter,
863 1192 930 1254 hoc
953 1188 1011 1263 est,
1042 1190 1153 1252 adhuc
1174 1185 1399 1272 imperfect03

281 1289 321 1332 ac
346 1291 452 1357 prope
480 1271 530 1335 nil
565 1273 645 1348 elle,
677 1293 748 1338 non
779 1289 893 1338 tamen
921 1270 1059 1358 penitus
1080 1269 1167 1334 nihil
1189 1273 1252 1334 ell'e
1273 1267 1402 1333 intelli·

191 1422 194 1430 ,
281 1367 427 1438 guntur,
460 1355 517 1419 fed
546 1354 826 1420 inchoamentum
847 1357 1096 1443 quodammodo
1119 1354 1205 1430 elle,
1238 1353 1401 1418 formam·

238 1445 244 1472 ‘
280 1455 347 1522 que
368 1453 403 1501 et
422 1438 669 1525 perfectionem
691 1456 860 1526 appetere.
1024 1439 1035 1448 ’
1092 1445 1096 1450 ’
1417 1505 1420 1510 .

343 1521 393 1583 Μ.
428 1522 504 1586 Ello
536 1521 546 1585 i
573 1523 641 1588 itur
661 1523 848 1598 intentior,
882 1537 916 1586 et
935 1542 1054 1586 rerum·
1070 1515 1275 1585 differentiae
1299 1529 1401 1581 acute

279 1602 445 1703 perspice,
469 1545 675 1695 nebulaeque
698 1605 926 1706 ambiguitatia
949 1625 989 1669 ex
1007 1605 1079 1669 acie
1099 1599 1304 1668 intentionis
1319 1615 1401 1663 tuae

279 1705 418 1771 penitus
454 1691 594 1774 depelle.
638 1693 716 1756 Non
748 1713 840 1756 emm
868 1705 909 1753 ut
936 1687 1079 1752 arbitror
1103 1703 1137 1750 te
1166 1684 1273 1774 potest
1292 1685 1400 1746 latere

233 1789 234 1794 ¹
280 1767 361 1835 aliae
391 1771 454 1836 elle
486 1773 865 1848 reruminformitatea,
899 1787 934 1836 et
954 1771 1035 1836 aliae
1056 1792 1168 1835 rerum
1188 1767 1301 1832 caufat
1322 1787 1399 1852 per·

280 1850 438 1940 lectaque
466 1855 668 1944 Principiat·
686 1879 765 1922 nam
793 1858 817 1922 fi
848 1857 910 1920 elle
932 1869 967 1919 et
987 1876 1058 1920 non
1081 1855 1143 1918 elle
1164 1851 1224 1915 libi
1244 1847 1395 1914 invicem

282 1953 507 2023 opponuntur
529 1961 547 2003 e
570 1941 756 2018 contrario,
782 1939 833 2004 nil
853 1937 1080 2025 propinquiue
1101 1935 1147 2000 ell
1166 1937 1209 2000 ad
1224 1953 1310 2030 ‘rere
1332 1932 1397 1996 elle

249 2015 262 2041 ²
306 2041 382 2085 uam
401 2020 557 2088 informia
577 2023 736 2110 materia3
768 2021 812 2088 ell
834 2021 943 2094 enim,
969 2037 1009 2082 ut
1029 2019 1078 2084 ait
1097 2016 1318 2105 Augustanus,
1351 2018 1401 2078 in·

270 2037 387 2196 forma
418 2127 524 2188 prope
551 2108 644 2170 nihil.
687 2109 778 2170 Num
806 2103 869 2168 tibi
891 2103 1027 2166 videtur
1047 2118 1150 2190 parva
1172 2098 1325 2166 distantia
1344 2097 1398 2162 iu·

281 2205 332 2254 ter
358 2187 396 2253 id
444 2192 515 2252 uod
543 2210 642 2254 verae
664 2189 820 2252 ellentiae
842 2187 885 2250 ell
905 2184 1152 2273 propinquum,
1190 2199 1225 2246 et
1244 2181 1281 2248 id
1303 2182 1397 2268 qued

278 2289 377 2336 verae
407 2292 425 2333 e
452 2269 564 2336 entiae
590 2271 775 2356 privationi
803 2291 889 2368 quae
915 2268 1141 2332 nihilominue
1167 2265 1292 2330 dicitur
1317 2265 1393 2340 elle,

282 2355 326 2418 est
355 2353 567 2438 proximum
601 2375 667 2417 nec
687 2375 799 2417 rerum
820 2352 1063 2416 informitatem
1085 2349 1217 2415 caulam
1239 2347 1398 2412 ellentiae

234 2437 240 2448 '
280 2437 476 2520 formaeque
497 2457 536 2500 ac
581 2435 774 2500 erfectionia
795 2455 908 2498 rerum
930 2435 993 2498 elle
1014 2433 1184 2506 diximus,
1208 2432 1265 2495 led
1283 2429 1393 2518 magia

211 2553 219 2566 ·
280 2517 508 2605 privationem
537 2457 709 2594 edendae,
743 2519 938 2602 formaeque
970 2533 1005 2580 et
1030 2513 1396 2603 perfectioniarerum.

281 2600 390 2668 Causa
417 2599 655 2686 liquidem,·fi
681 2621 760 2666 vere
789 2601 885 2665 caula
913 2601 972 2676 lit,
1007 2600 1121 2665 omnia
1147 2595 1394 2684 perfectiffime,

282 2705 428 2784 quorum
459 2682 556 2748 caula
586 2683 646 2758 est,
682 2683 721 2748 in
747 2682 852 2769 seipsa
873 2682 1059 2770 perambit,
1091 2682 1298 2767 effectaeque
1317 2680 1399 2745 fuoe

54 2795 65 2810 ·
154 2815 156 2821 2
282 2788 477 2866 priusquam
500 2766 537 2830 in
560 2767 673 2853 aliquo
695 2790 735 2864 ap
762 2782 877 2830 areant
897 2766 934 2830 in
955 2765 1059 2852 seipsa
1080 2764 1232 2852 perlicitt
1257 2778 1291 2827 et
1312 2765 1398 2828 dum

281 2874 319 2915 an
341 2871 465 2996 penem
485 2849 678 2936 formaeque
697 2791 842 2914 vrdbilee
859 2871 920 2936 per
933 2849 1187 2936 generationem
1200 2861 1397 2933 erumpunt,

279 2955 340 3019 per
356 2933 525 3000 actionem
547 2934 639 2996 fuam
660 2933 697 2997 in
720 2953 759 2997 ea
779 2933 1054 3008 nondelerunt,
1078 2933 1135 2996 sed
1155 2932 1256 3018 plene
1277 2945 1312 2993 et
1331 2928 1397 2994 im·

209 3037 222 3072 ¹·
281 3015 491 3093 mutabiliter
546 3031 740 3089 ermanent,
779 3013 973 3104 nulliuaqpe
1007 3014 1143 3079 alteriue
1176 3011 1398 3098 perfectionis

282 3099 442 3246 indipent
469 3039 542 3163 nili¹
559 3100 659 3186 ipsane
689 3096 790 3162 uniua
818 3097 854 3160 in
878 3119 943 3196 pua
966 3099 1065 3162 semel
1087 3113 1123 3162 et
1142 3097 1237 3160 limul
1259 3111 1293 3160 et
1312 3097 1397 3162 lem·

309 3205 343 3246 er
381 3182 549 3246 ubfrstunt.
593 3185 671 3246 Non
696 3203 798 3268 parva
819 3181 980 3266 fiqurdcm
1000 3180 1086 3245 mihi
1106 3180 1243 3244 videtur
1264 3179 1326 3244 elle
1347 3195 1398 3242 ta·

282 3205 324 3329 lie
347 3265 555 3338 differentia,
576 3266 679 3351 longe
701 3263 861 3350 liquidem
884 3285 902 3327 a
924 3265 1033 3350 feipfia
1057 3264 1177 3330 distant
1197 3263 1397 3348 primordia-

281 3351 330 3412 lea
364 3349 481 3412 caulae
512 3368 598 3433 quae
633 3353 673 3412 ab
702 3369 773 3410 uno
802 3348 997 3434 summoque
1027 3349 1181 3412 omnium
1210 3345 1419 3432 principio‚'

283 3434 376 3528 quod
398 3432 535 3494 anullo
558 3431 619 3506 ell,
655 3429 890 3576 perfectiffime
911 3430 946 3494 in
969 3431 1035 3494 luia
1058 3429 1325 3496 immutabilibut
1345 3451 1399 3492 ra-

283 3513 436 3578 tionibus
468 3511 626 3578 conditae
669 3529 750 3590 unt,
786 3529 820 3576 et
851 3513 1075 3578 inlormitatet
1108 3513 1262 3578 omnium
1281 3533 1398 3577 rerum

283 3617 370 3686 quae
395 3617 467 3660 non
499 3597 607 3661 folum
630 3599 672 3661 id
717 3595 937 3668 erfectionem
958 3599 1085 3662 formae
1105 3599 1261 3662 nondum
1279 3617 1400 3682 perve-

285 3679 405 3755 niunt,
427 3679 485 3744 led
505 3679 562 3743 vix
581 3683 648 3760 jam
671 3619 940 3776 edeincipiunt,
969 3703 1035 3746 nec
1055 3683 1157 3768 longe
1178 3701 1219 3745 ett
1238 3701 1310 3744 non
1332 3681 1400 3744 elle

282 3765 465 3827 recedunt:
508 3763 662 3849 quamvis
698 3785 791 3828 emm
819 3763 1004 3830 videantur·
1028 3787 1140 3830 rerum
1169 3762 1399 3829 informitates

284 3829 478 3911 medidratit
498 3848 613 3914 locum
634 3845 789 3912 obtinere
810 3846 900 3912 iuter
920 3849 983 3914 elle
999 3865 1033 3914 et
1047 3869 1120 3914 non
1135 3849 1209 3924 elle,
1230 3845 1403 3934 incipien-

285 3944 337 3993 tea
353 3931 422 4010 ‚elle
443 3951 483 3994 ex
502 3952 574 3996 non
597 3932 681 4007 ellat
704 3930 866 4017 liquidem
888 3953 929 3996 ex
950 3953 1021 3998 non
1043 3933 1130 4008 elle,
1152 3929 1402 4019 proceffionem

286 4016 456 4100 quandam
485 4017 528 4079 ad
550 4013 612 4078 elle
632 4013 817 4080 inchoante
837 4019 1002 4082 nondum
1023 4033 1135 4082 tamen
1157 4017 1200 4082 ad
1219 4013 1404 4114 perfectio·

247 4125 250 4132 ·
285 4117 368 4161 nem
388 4097 516 4162 formae
537 4113 637 4186 atque
658 4099 814 4164 elleutiae
834 4098 1074 4190 intelliguntur
1090 4100 1295 4187 pervemlle;
1318 4101 1401 4190 plue

237 4231 244 4248 .
288 4179 562 4270 appropinquare
580 4181 779 4265 judicantur
796 4186 839 4251 td
853 4205 931 4251 *non
952 4185 1014 4252 elle
1034 4184 1136 4274 quant
1157 4187 1201 4251 ad
1221 4183 1295 4250 elle.
1337 4179 1403 4248 tti-
