3038 4828
435 209 450 228 ’·
548 206 840 296 mimium
981 231 984 245 ¹
1171 207 1247 284 821

133 387 353 460 univcrfitate
384 392 461 470 lua,
492 391 712 483 inpartibus
738 391 925 462 visibilibus
955 391 992 460 bt
1019 389 1246 460 invisibilibus

135 492 209 542 tota
235 475 274 542 in
303 473 408 563 seipsa
437 477 498 556 est,
534 493 568 544 et
586 477 624 544 in
646 493 719 544 toto
740 477 800 554 suo
822 492 894 543 tota
915 475 960 542 esi
980 476 1071 542 etin
1092 474 1245 562 partibus

135 559 205 626 suis
235 575 323 636 tota,
357 575 468 648 partes
496 565 568 641 ejus
595 561 633 628 in
658 559 769 648 seipsis
791 575 901 637 totae,
931 575 967 626 et
986 557 1025 626 in
1046 575 1119 626 toto
1140 573 1243 626 totae.
1285 591 1288 602 ·

135 645 223 710 Nam
246 657 281 708 et
301 660 446 710 extrema
466 667 541 732 para
563 649 635 726 ejus
658 662 693 710 ct
711 643 885 720 viliffima,
922 663 1043 730 corpus
1066 643 1162 719 dico,
1196 642 1245 718 se·
1367 663 1371 670 ·

63 751 66 758 ·
137 729 288 792 cundum
309 727 459 793 rationes
481 731 572 805 suae,
607 744 678 795 tota
700 729 744 794 eil
764 728 802 794 in
824 745 897 794 toto
918 727 1076 804 homine,
1110 741 1245 792 etcum
1356 735 1365 750 ‘

136 809 175 876 in
204 809 308 896 seipsa
339 811 388 876 ita
408 812 466 886 lit,
500 827 611 878 totum
632 814 729 878 suum
750 812 893 878 excedit.
934 813 1014 878 Non
1035 802 1245 878 enimasiter

137 891 309 960 conditori
336 887 397 960 sub
427 898 606 961 adhaerere
631 897 754 983 pollet,
786 897 811 962 li
838 893 953 962 omnia
984 917 1069 982 quae
1090 893 1149 958 sub
1170 891 1245 980 ipso

137 977 231 1051 sunt,
265 991 300 1042 et
326 977 464 1066 seipsam
494 1001 565 1044 non
592 981 785 1064 excederem
817 980 978 1068 quoniam
1000 983 1087 1046 inter
1106 990 1246 1042 mentem

136 1059 300 1150 nostram,
330 1063 370 1124 ut
398 1061 446 1126 ait
471 1061 693 1150 Augustinus,
721 1085 788 1148 quo
818 1079 947 1148 patrem
978 1063 1189 1145 intelligimus
1209 1073 1246 1126 et

133 1149 312 1210 veritatem
337 1167 400 1227 per
426 1168 524 1231 quam
551 1141 657 1245 ipsum
679 1147 906 1230 intelligimus,
936 1148 1027 1212 nulla
1047 1138 1245 1232 interposito

135 1243 303 1325 creatura·
317 1227 383 1318 est.-
414 1233 506 1316 quod
536 1245 637 1296 ettam
656 1229 728 1318 ipse
751 1231 968 1320 Areopagita,
1003 1230 1041 1296 in
1061 1226 1245 1314 symbolica

40 1355 47 1369 ·
135 1313 269 1376 Theolo
307 1313 463 1398 apulcre
484 1317 601 1390 docet,
626 1313 762 1380 dicente
795 1321 827 1384 0
847 1319 952 1380 amice
976 1317 1160 1390 Timotltee,
1183 1314 1244 1376 eir·

134 1419 176 1460 cc
199 1419 251 1480 my
283 1399 353 1459 icas
363 1391 616 1483 speculationes
635 1399 844 1466 corroborato
864 1421 989 1478 canere,
1012 1411 1046 1463 et
1054 1392 1174 1491 sursus
1188 1396 1243 1460 tle·

123 1477 259 1572 serere,
284 1493 318 1543 et
339 1483 576 1546 intellectuales
595 1487 820 1564 operationes,
842 1497 876 1548 et
888 1475 1112 1577 sensibilium
1132 1475 1243 1628 inoffi·

137 1563 237 1640 bilia,
259 1577 292 1634 et
313 1587 405 1630 omne
425 1587 488 1631 non
508 1589 564 1632 ens
585 1580 620 1632 et
639 1591 709 1644 ens,
733 1581 767 1632 et
787 1569 834 1632 od
854 1573 1016 1632 unitatem
1035 1579 1074 1630 ut
1093 1559 1177 1668 poffi
1200 1562 1244 1628 ile

136 1641 259 1740 inscius
284 1647 454 1740 restituere
475 1647 579 1738 ipstus
642 1655 655 1716 i
676 1650 724 1745 esl
734 1645 846 1744 supro
867 1675 991 1718 omnem
1019 1645 1188 1743 effentmm
1209 1657 1245 1710 et

123 1727 325 1820 scientiam:
345 1755 385 1796 ec
406 1738 490 1798 enim
514 1738 586 1818 teip
605 1759 624 1800 o
646 1749 681 1800 et
700 1737 846 1802 omnibus
866 1731 1119 1824 immensurabili
1139 1731 1173 1796 e't
1186 1731 1245 1794 ab·
1337 1749 1345 1764 ·

123 1809 239 1908 soluto
260 1820 378 1880 mentis
399 1814 545 1912 exceffu,
568 1817 930 1967 acidjnpereffentiolem
952 1821 1138 1884 diuinorum
1157 1829 1245 1878 tene·

133 1899 262 1966 tratum
291 1901 438 1974 rodium,
466 1907 576 1968 omnio
628 1901 753 1997 eserens
780 1919 815 1968 et
840 1907 883 1969 ab
911 1905 1057 1972 omnibus
1076 1897 1245 1992 absolutus

133 2007 156 2048 α
174 1985 309 2048 render:
343 1999 385 2048 et
405 1985 575 2050 Dominus
604 1985 641 2050 in
664 1986 848 2073 Evangelio
872 1987 988 2053 dicent
1011 1983 1076 2058 ait,
1106 1982 1163 2047 ubi
1183 2003 1245 2078 epo

151 2091 221 2143 um,
254 2067 324 2132 illie
354 2079 388 2130 et
415 2067 564 2158 minister·
583 2093 690 2145 meus,·
720 2069 898 2134 clientem
919 2070 976 2133 isle
998 2069 1096 2152 supra
1117 2084 1243 2130 omma.
1309 2097 1312 2116 ·

131 2152 186 2214 Est
206 2150 312 2236 igitur
332 2147 382 2214 illi
407 2152 590 2216 adhaerens
613 2155 716 2216 homo
739 2153 776 2210 lu
800 2170 837 2211 ra
858 2148 973 2214 omnia
994 2164 1028 2213 et
1049 2149 1147 2233 supra
1160 2145 1245 2233 seip-

132 2235 225 2308 sum,
256 2247 420 2380 (priamum
441 2233 478 2292 in
501 2233 660 2294 omuibus
683 2230 737 2295 eli.
812 2231 999 2317 tquamvia
1019 2234 1167 2295 humana
1186 2243 1250 2294 na·'

135 2333 226 2390 tura,
287 2337 345 2378 um
373 2311 410 2376 in
439 2314 503 2377 hac
523 2311 594 2376 vita
614 2312 749 2378 mortali
769 2314 938 2392 versatur,
968 2317 1148 2380 adhaerere
1167 2316 1244 2378 Deo

132 2399 238 2486 seipsa
270 2419 342 2462 non
371 2394 489 2484 possim
520 2413 761 2474 veruntamen,
790 2399 950 2486 quoniam
971 2395 1124 2485 poffibilc
1146 2395 1190 2460 eli
1211 2392 1245 2460 ei

133 2499 168 2548 ct
188 2483 340 2546 naturale
361 2480 503 2546 creatori
525 2481 584 2544 suo
607 2485 804 2557 adhaerere,
828 2487 900 2564 ejus
922 2481 1028 2568 gram
1049 2477 1106 2545 cui
1122 2481 1243 2544 adhae-

96 2593 98 2603 ·
131 2581 200 2640 ret,
225 2569 402 2632 adhaerere
426 2586 498 2630 non
519 2563 708 2652 incongrue
730 2564 865 2632 dicitur.
908 2568 1015 2652 Saepe
1036 2562 1129 2628 enim
1146 2559 1245 2649 poffi·

134 2645 246 2714 bilitas
277 2670 339 2734 pro
361 2647 591 2734 experimento
613 2649 697 2714 solet
718 2647 845 2735 accipi,
878 2665 913 2714 et
934 2651 1028 2736 quod
1048 2661 1177 2713 certum
1198 2643 1244 2708 esi

134 2732 447 2820 quandoquefore,
466 2753 531 2828 pro
556 2730 723 2816 praesenti
743 2731 950 2818 computari,
980 2731 1083 2796 etiam
1104 2749 1168 2814 pro
1192 2747 1245 2792 ac·

135 2831 182 2882 to.
224 2817 269 2878 Et
301 2813 383 2901 quid
406 2813 494 2888 dixi,
530 2811 567 2876 in
591 2817 720 2878 mundo
744 2815 824 2890 suo,
858 2815 896 2879 in
920 2815 1135 2880 univerfitate
1155 2806 1242 2874 lua?

134 2901 223 2966 Cum
244 2921 262 2962 a
289 2897 392 2962 ertiue
412 2895 668 2983 pronuntiarem
689 2897 727 2961 in
747 2897 905 2963 universo
921 2900 1051 2962 mundo
1069 2892 1192 2960 visibili
1208 2906 1244 2957 et

132 2921 302 3048 invisibili.
346 2983 502 3044 Humana
522 2979 684 3065 siquidem
705 2995 825 3044 natura
846 2979 883 3046 in
904 2979 1119 3044 universitate
1134 2975 1243 3041 totius

133 3065 291 3132 conditae
312 3079 468 3136 naturae,
491 3078 562 3128 tota
584 3063 642 3137 (τῆς
666 3077 700 3128 et
720 3061 757 3126 in
778 3062 849 3149 ipsa
872 3062 982 3128 omnia
996 3076 1147 3126 creatura
1162 3079 1243 3124 con·

132 3149 245 3214 [tituta
266 3147 327 3222 eli,
353 3145 513 3233 quoniam
535 3143 572 3210 in
594 3145 605 3210 i
633 3147 665 3209 la
685 3167 725 3211 co
752 3148 842 3212 ulata
863 3145 924 3222 ett,
950 3159 984 3209 et
1006 3143 1043 3208 in
1065 3143 1177 3230 ipsum
1192 3163 1243 3206 re·
1268 3201 1274 3216 ,

132 3233 281 3308 versura,
313 3245 347 3294 et
375 3251 436 3316 per
464 3229 574 3315 ipsum
601 3169 712 3294 lustau
739 3251 770 3294 a.
809 3227 900 3295 Audi
925 3229 1120 3294 Creatorem
1139 3227 1243 3322 ipsius

132 3315 318 3390 dicentem,
339 3313 540 3376 Praedieote
560 3314 778 3396 Evangelium
798 3316 886 3379 omni
896 3325 1085 3389 creaturam
1107 3309 1243 3378 homini

133 3399 298 3496 profecto.
340 3395 392 3461 lbi
425 3393 635 3470 intellectus,
674 3395 722 3460 ibi
750 3395 856 3471 ratio,
890 3393 940 3460 lbi
967 3393 1136 3460 seminalia
1156 3393 1241 3464 vita,

133 3482 182 3546 rbi
204 3501 343 3568 corpus:
366 3499 437 3544 nou
458 3481 525 3544 hoc
546 3478 765 3565 corruptibile
785 3480 857 3566 post
875 3494 1065 3566 peccatum,
1086 3475 1244 3544 ledillud
1343 3491 1347 3506 ·

133 3579 213 3652 ante
234 3563 415 3639 delictum
449 3583 519 3628 non
542 3563 608 3628 hoc
629 3564 850 3650 compositum
872 3578 972 3650 atque
993 3561 1151 3638 solubile,
1183 3560 1243 3626 sed

133 3647 220 3711 illud
246 3648 304 3712 itm
329 3649 383 3711 lex
412 3661 447 3710 et
469 3644 707 3722 individuum
739 3667 811 3710 non
832 3649 899 3712 hoc
920 3644 1064 3710 animale
1083 3661 1121 3710 ct
1141 3659 1242 3709 terre·

134 3751 235 3803 num,
257 3729 290 3794 se
334 3729 421 3794 illud
441 3727 612 3816 spirituale
633 3745 667 3792 et
687 3730 847 3810 coeleste3
868 3749 940 3794 non
961 3731 1028 3794 hoc
1050 3749 1091 3792 ex
1112 3729 1158 3792 du
1182 3724 1243 3792 lici

133 3813 228 3878 fluxu
246 3807 307 3898 pe‘r
326 3813 474 3878 carnales
497 3833 670 3878 connexus
690 3811 874 3878 seminibus
889 3809 1062 3911 genitum,
1083 3811 1141 3878 sed
1155 3751 1243 3877 iilud

134 3917 176 3960 ex
190 3893 399 3982 simplicitate
413 3912 572 3972 naturae,
594 3911 673 3960 ante
688 3895 1011 3983 praevaricationem
1023 3897 1241 3983 productum,

132 3994 168 4046 et
197 3975 236 4042 in
264 3978 507 4044 resurrectione
534 3979 706 4054 futurum
741 3999 813 4045 nou
844 3981 912 4046 hoc
939 3999 1103 4066 corporeo
1129 3975 1240 4044 sensui
1297 3985 1300 3992 ’

130 4057 329 4152 cognitum,
361 4061 420 4128 led
442 4061 586 4128 illudio
607 4063 734 4128 secreto
753 4076 894 4128 naturae
914 4064 1026 4128 adhuc
1047 4063 1239 4133 occultunt

2 4162 6 4174 ·
130 4167 204 4216 non
231 4147 300 4214 boc
315 4147 421 4253 [quod
450 4144 574 4216 merito
600 4144 733 4234 peccati
762 4145 1033 4234 superadditum,
1061 4145 1120 4212 sed
1141 4142 1239 4218 illud.

750 4267 790 4334 il
846 4285 849 4292 ·
1363 4292 1376 4328 t
