2866 4822
459 257 566 332 uite
587 260 749 346 Qrmau
1020 307 1024 312 -
1072 261 1156 336 ⁴86
1268 331 1271 336 .

34 442 247 534 hypothesin
257 443 304 510 sin
315 443 410 510 fieret
430 443 532 512 alicui
552 443 661 512 virtut
685 443 1153 535 bauagredlendlmensuram

33 529 74 595 in
129 549 213 593 uam
242 527 435 594 extenditur
462 531 599 606 umbrat
633 527 775 594 omnino
796 527 834 594 in
855 529 985 594 lumine
1005 529 1100 605 esset,
1134 549 1153 594 a

34 629 119 678 tene
145 611 193 676 ria
223 610 367 678 illaesae.
424 609 481 680 Sic
512 610 655 678 arbitror
682 627 838 697 oportere
865 612 966 696 etiam
988 613 1030 677 de
1049 609 1150 678 nobie

34 695 209 784 cogitare,
238 691 319 782 qula
347 709 557 762 transeunter
582 693 731 760 malitiae
758 692 962 772 terminum,
1004 715 1082 759 cum
1112 694 1152 760 in

34 777 237 846 summitate
266 780 404 842 umbrae
434 777 566 865 peccati
594 776 774 854 suerimua,
808 777 931 844 iterum
964 775 1153 844 inlumina

33 858 329 935 conversabimur,
341 860 701 926 secunduminfinitam
712 860 1150 949 multiplicationemquan·

37 961 113 1010 tum
142 947 187 1009 ad
209 942 360 1009 malitiae
381 946 588 1020 mensuram,
618 947 785 1010 bonorum
806 961 926 1010 natura
948 941 1151 1010 abundarite.

32 1031 166 1093 lterum
198 1047 281 1114 ergo
341 1026 506 1104 aradisua,
533 1028 656 1093 iterum
677 1049 779 1094 omne
801 1027 887 1094 illud
908 1027 1038 1116 lignum
1060 1029 1153 1126 quod
1227 1079 1236 1100 ,

31 1111 138 1176 ctiam
161 1107 298 1172 vitree
343 1110 494 1196 lignum,
525 1109 648 1177 iterum
667 1110 827 1200 imaginis
848 1111 953 1199 gratia
975 1126 1009 1176 et
1027 1109 1153 1198 punci-

29 1194 83 1282 pii
114 1191 303 1279 dignitae.'’
345 1192 582 1258 Animadverte
610 1215 709 1282 quam
746 1196 833 1260 clare
854 1211 888 1259 et
908 1192 1153 1276 rationabiliter

30 1293 68 1344 et
96 1275 342 1341 indubitanter
370 1276 501 1352 astruit,
540 1276 688 1365 primunt
741 1279 855 1343 uidem
885 1277 1049 1343 malitiam
1078 1297 1151 1341 non

30 1361 128 1448 posse
149 1359 217 1423 else
240 1374 454 1446 perpetuam,
477 1361 534 1426 sed
556 1382 595 1426 ex
616 1381 680 1426 nee
739 1375 806 1426 tate
825 1381 938 1425 rerum
959 1363 999 1425 ad
1021 1375 1152 1425 certum

30 1441 228 1512 terminum
248 1459 486 1527 perventuram
508 1459 543 1509 et
563 1443 834 1532 quandocunque
855 1445 1070 1508 defecturam.
1116 1441 1153 1506 si

31 1526 131 1592 enim
167 1522 287 1589 divina
314 1525 467 1602 bonitaa,
505 1548 589 1614 quae
610 1527 740 1615 semper
760 1548 831 1592 non
855 1527 961 1592 solum
983 1525 1019 1590 in
1041 1523 1152 1598 bonit,

30 1605 287 1674 verumetiam
308 1607 346 1674 in
367 1607 463 1674 malie
481 1611 570 1676 bene
590 1627 767 1698 operatur,
804 1625 937 1676 aeterna
959 1609 1004 1674 est
1024 1624 1058 1672 et
1077 1606 1153 1672 inli-
1235 1629 1239 1636 ·

28 1692 127 1768 nita;
151 1689 363 1758 contrarium
388 1697 460 1775 eiua
480 1693 659 1760 necessario
681 1715 752 1760 non
774 1692 840 1759 erit
862 1709 1035 1758 aeternum
1053 1690 1152 1756 etin·

33 1776 190 1840 finitum.
237 1775 396 1864 Alioquin
427 1797 498 1842 non
530 1775 594 1842 erit
615 1777 838 1854 contrarium,
872 1798 938 1842 nec
958 1797 998 1840 ex
1017 1774 1153 1840 adversa

29 1875 131 2006 parte
163 1859 370 1944 oppositum.
420 1862 563 1928 detenta
583 1861 605 1924 li
630 1861 744 1926 uidem
766 1859 927 1948 qualitate
948 1859 1152 1956 discrepant,

48 1945 103 2008 ala
135 1941 349 2006 aeternitatis
378 1941 578 2028 aequalitate
608 1883 739 2010 irbimet
759 1943 981 2008 conveniunt.
1024 1940 1166 2006 Drvina.

31 2031 113 2090 nain
140 2045 188 2088 ue
219 2022 328 2108 pietas
357 2039 457 2109 atque
486 2023 642 2089 severitas
670 2025 831 2113 qualitate
853 2025 1035 2100 dissonant,
1069 2026 1151 2088 dum

31 2131 104 2174 una
152 2104 255 2172 elicta
276 2105 397 2193 punit,
420 2108 522 2171 altera
542 2107 713 2193 indulget:
736 2110 852 2172 ambae
867 2122 980 2174 tamen
995 2122 1151 2172 aeternae

33 2193 126 2283 surpt.
173 2187 322 2253 Divinae
352 2205 464 2254 autem
492 2187 655 2266 bonitati,
688 2188 816 2254 malitia
845 2188 1152 2288 omnino-opponi·

33 2289 103 2340 tur.
150 2271 286 2340 Malitia
307 2272 421 2358 itaque
443 2271 766 2338 consummationem
790 2271 951 2360 accipiet,
974 2287 1008 2337 et
1023 2295 1059 2336 tn
1075 2273 1150 2336 nul·
1175 2346 1179 2355 ¹

34 2357 68 2422 la
88 2373 215 2424 natura
237 2353 442 2430 remanebit;
464 2355 624 2444 quoniam
646 2356 683 2420 in
706 2356 863 2420 omnibut
885 2354 1150 2420 bonitaadivina
1175 2362 1183 2421 l

35 2455 72 2504 et
94 2438 294 2526 operabitur
315 2455 348 2503 et
370 2439 552 2524 apparebit.
594 2443 642 2506 dc
658 2459 727 2526 ¹per
747 2443 813 2504 hoc
833 2453 986 2502 naturam
1007 2439 1151 2503 nostram
1177 2424 1184 2521 Ι

36 2543 110 2588 non
134 2524 200 2590 else
220 2522 256 2587 in
279 2523 366 2586 malo
389 2523 512 2597 lixam,
535 2544 599 2588 nec
621 2523 768 2588 suturam
790 2523 852 2586 effe
874 2522 1003 2608 semper
1021 2519 1151 2586 malitia

37 2609 234 2679 detentam,
266 2605 323 2670 sed
352 2608 394 2669 ad
421 2609 550 2670 bonum
577 2605 676 2672 finito
713 2605 808 2671 omni
837 2605 925 2669 malo
945 2605 1151 2669 reversuram

36 2689 213 2774 praefatur
235 2703 352 2750 auctor
372 2687 489 2752 asserit.
533 2689 629 2752 Sicut
649 2689 742 2755 enim
763 2691 879 2754 umbra
901 2703 1025 2761 tetrae,
1049 2707 1151 2772 quam

37 2787 181 2835 noctem
213 2770 399 2855 appellant,
431 2769 468 2832 in
498 2769 581 2833 adria
611 2787 645 2834 et
667 2772 809 2836 aetheria
830 2769 934 2850 spatia
956 2792 1017 2856 per
1038 2769 1151 2834 inlini·

1 2861 2 2868 ’
39 2869 211 2917 tum-non
233 2849 432 2937 porrigitur,
453 2853 509 2916 sed
530 2851 618 2916 intra
640 2869 777 2920 centum
800 2868 834 2918 et
853 2851 979 2938 viginti
1001 2853 1055 2916 sex
1075 2851 1150 2916 mil·

39 2937 86 3000 lia
115 2934 316 3008 stadiorum,
344 2947 389 2996 ut
409 2935 534 3031 phpfici
561 2935 758 3020 perhibent,
799 2936 1046 3000 coarctantibus
1076 2955 1149 2998 eam

39 3018 200 3118 undique
220 3015 378 3082 solaribus
399 3018 500 3082 tadria
523 3017 611 3082 circa
636 3033 756 3083 tetram
778 3017 921 3092 diffusio,
950 3017 1048 3080 instar
1069 3016 1149 3080 coni

41 3115 279 3174 acuminatur,
302 3098 350 3163 ita
368 3116 407 3164 ut
427 3099 563 3186 penitus
585 3099 735 3176 deficiat;
757 3101 801 3166 stc
820 3093 968 3174 malitia,
991 3121 1075 3186 quae
1092 3121 1149 3164 ve·

39 3187 108 3252 luti
136 3185 302 3268 i‘attaedam
323 3185 440 3248 umbra
462 3183 660 3250 delictorum
681 3185 866 3249 nostrorum
888 3182 1029 3248 nostram
1051 3203 1150 3248 occu·

39 3277 100 3354 p'at
125 3254 303 3347 tibiuram,
335 3266 538 3330 abundantia
570 3269 732 3414 supernae
756 3283 790 3332 et
811 3281 965 3331 aeternae
986 3265 1149 3330 bonitatis

42 3349 270 3417 coarctabitur
306 3363 339 3412 et
374 3349 514 3416 omnino
545 3353 607 3415 abo
624 3351 750 3424 ebitur3
794 3352 873 3414 dum
903 3347 1149 3414 irrationabiles

40 3437 211 3498 humanae
242 3431 373 3496 animae
405 3449 517 3498 motua
539 3437 580 3508 ad
600 3431 816 3500 rationabiles
836 3431 988 3496 veritatis
1010 3431 1148 3498 affectua

43 3531 294 3582 convertentur.
347 3517 481 3581 Deinde
511 3517 652 3582 nostram
685 3531 837 3580 naturam
859 3516 987 3602 semper
1006 3514 1146 3590 moveri,

46 3601 138 3682 quod
166 3599 267 3662 etiam
289 3598 358 3662 fere
378 3619 495 3664 omnea
517 3599 626 3664 divini
647 3597 840 3697 philosophi
861 3601 1065 3684 approbant,
1096 3597 1147 3662 in·

45 3696 242 3745 cunctanter
271 3681 395 3754 asserit,
434 3697 468 3746 et
496 3682 583 3746 nibil
613 3683 704 3746 alrud
731 3679 861 3768 appetit
890 3679 953 3745 nili
982 3681 1149 3746 summum

45 3765 192 3838 bonum,
216 3785 235 3827 a
278 3786 322 3830 uo
344 3765 449 3830 veluti
463 3763 631 3852 principio
648 3765 771 3852 incipit
787 3762 933 3842 moveri,
956 3767 1042 3829 etad
1055 3766 1149 3863 quod
1215 3817 1222 3826 .

44 3845 153 3912 veluti
183 3848 225 3911 ad
251 3787 353 3914 inem
382 3865 514 3914 motum
546 3849 643 3913 suum
664 3851 836 3914 accelerat.
877 3848 965 3912 Tota
986 3847 1009 3912 fi
1032 3851 1149 3914 uidem

48 3927 428 3996 rationabilia-creatura
449 3953 534 4018 quae
553 3932 692 4032 proprie
712 3931 749 3996 in
771 3927 966 3996 bominibus
983 3869 1147 3996 suirsrllere

48 4010 268 4099 intelligitur,
302 4016 402 4080 etiam
429 4013 466 4080 in
497 4014 629 4080 dehetia
659 4012 724 4079 suia
744 4013 970 4112 perversaequp
994 4011 1148 4080 anfracti-

48 4095 112 4160 bua
141 4091 317 4164 dominnm
348 4101 460 4175 suum,
488 4119 508 4163 a
528 4117 597 4184 quo
616 4098 661 4162 ell
680 4101 778 4164 et-ad
799 4119 899 4184 quem
919 4097 1149 4182 contemplan-

51 4179 131 4245 dum
159 4177 298 4250 condita
327 4183 388 4262 et,
422 4183 550 4272 semper
577 4181 718 4271 quaerit.
769 4178 992 4250 stationabilia
1021 4176 1149 4266 quippe
