2952 4824
445 258 552 328 biber
571 256 770 332 samaeas.
962 271 965 276 ·
1096 259 1169 330 tot

68 441 121 505 lati
150 442 309 527 quaedam
341 438 512 524 formiam
543 461 615 506 non
645 456 758 506 tamen
779 437 830 506 ibi
850 458 891 508 co
941 438 1087 508 oecimue
1109 463 1166 508 na·

71 541 151 588 turae
171 522 372 597 divortium,
395 525 453 589 sed
473 522 595 589 christi
610 539 645 590 et
659 523 814 591 ecclesiae
827 546 885 606 my
912 522 1029 600 etium,
1050 523 1167 591 uniue-

89 629 124 672 ue
142 605 330 672 intellectae
352 607 395 670 ad
415 622 599 674 creatorem
629 623 664 673 et
685 611 728 673 ad
749 621 934 674 creaturam
956 606 1160 675 contuitum.
1211 603 1221 630 '

69 631 108 754 it
124 691 304 763 nobiscum,
327 689 457 775 inquit,
490 704 524 754 et
542 705 682 773 propter
701 715 761 757 nos
770 689 874 782 fimus
895 712 1022 756 omnem
1041 705 1168 756 creatu·

67 797 123 836 ren
149 797 210 856 per
245 775 441 838 medietates
468 775 576 839 veluti
602 797 664 857 pro
691 780 813 841 rtamm
840 778 988 858 partium
1018 788 1168 840 extremo

67 859 334 938 comprehendens,
375 871 409 920 et
438 861 528 922 circa
545 853 582 949 [e
605 863 641 943 ip
660 884 712 924 um
735 853 953 950 insolubiliter
971 851 1166 1009 paradisum

67 943 214 1024 orbemque
235 955 394 1006 terrarum
416 945 608 1028 conjunxit,
639 943 761 1008 coelum
784 957 819 1006 et
837 956 980 1014 tetram,
991 939 1084 1031 saofi
1107 943 1167 1007 itte

67 1041 93 1088 et
113 1025 360 1108 intelligibilia:
383 1047 501 1110 corpus
519 1029 644 1110 quippe
666 1041 700 1090 et
709 1013 844 1120 sensiam
865 1039 900 1099 et
920 1028 1082 1101 aetrnum,
1105 1025 1165 1174 llb-
1208 1059 1212 1071 f

68 1111 184 1172 endum
203 1133 282 1184 nos,
310 1109 432 1174 teian
453 1125 489 1174 et
509 1111 731 1186 intellectum,
760 1111 878 1196 quibus
896 1105 990 1196 quast
1010 1114 1105 1194 porti
1126 1133 1166 1174 us

67 1217 115 1274 per
126 1189 258 1283 fingulu
282 1197 457 1280 unicuiqae
476 1190 708 1294 universaliter
727 1207 902 1278 captatam
922 1190 1088 1287 aſjbcians
1108 1217 1165 1259 ex-

67 1291 199 1354 tremum,
223 1281 331 1368 juxta
360 1281 455 1358 prius
484 1279 653 1342 redditum
667 1279 796 1345 ¹motam
816 1280 978 1344 divinitat
998 1283 1109 1345 omnic
1130 1281 1165 1342 in
1243 1279 1248 1286 “

60 1354 93 1450 Je
108 1357 172 1454 ipse
190 1361 440 1444 recapitulavit.
643 1419 648 1432 ,
1110 1405 1113 1412 «

118 1460 160 1523 13.
193 1444 269 1508 Vim
298 1447 479 1508 verborum
514 1444 681 1509 intentius
701 1444 871 1532 perspice,
901 1442 1089 1510 nonenim
1109 1463 1165 1508 va·

69 1543 134 1590 cant
154 1525 303 1604 virtute3
337 1549 456 1607 eorpus
484 1533 626 1612 quippe,
660 1527 790 1627 inquit,
814 1523 1005 1621 senjumuet
1023 1530 1166 1591 animam

67 1603 97 1691 [e
245 1633 307 1676 nos
332 1611 474 1686 itabens,
509 1612 657 1676 Christus
682 1611 861 1688 videlicet,
891 1625 927 1676 et
946 1611 1166 1676 intellectuare

71 1691 99 1756 bi
132 1693 216 1758 enim
236 1691 349 1757 veluti
369 1709 515 1780 quatuor
533 1694 704 1780 partibue,
737 1697 885 1760 humana
905 1709 1025 1758 natura
1046 1691 1165 1758 conili-

70 1775 175 1853 tuitur;
195 1798 279 1863 quae
301 1793 412 1861 partee
434 1799 533 1840 verae
555 1777 682 1865 quippe
696 1780 798 1842 homo
816 1776 963 1844 christus
978 1777 1165 1863 erassump·

68 1859 98 1920 sit
127 1875 156 1921 et
174 1859 209 1922 in
229 1859 340 1944 seipso
362 1859 544 1944 adunavit3
582 1864 685 1924 homo
706 1861 869 1947 siquidem
889 1861 1076 1948 persectuet
1110 1856 1164 1924 nil

70 1939 143 2005 enirn
169 1941 321 2006 hominio
341 1941 480 2027 reliquit
498 1958 630 2028 praeter
651 1959 848 2029 peccatum,
881 1946 974 2030 quod
994 1942 1032 2006 in
1053 1941 1164 2006 unita·

69 2038 121 2087 tem
131 2023 325 2090 substantiae
337 2025 414 2088 suae
424 2046 496 2090 non
507 2025 685 2112 acciperet,
694 2025 731 2089 in
756 2047 799 2090 ue
810 2026 987 2112 semetipso
997 2046 1069 2088 non
1080 2026 1160 2088 adu·

67 2110 165 2182 aaran
185 2111 253 2173 hoc
277 2107 339 2182 est,
362 2129 471 2172 unum
493 2129 565 2172 non
587 2109 723 2173 faceret.
784 2128 829 2172 on
853 2107 945 2172 enim
966 2107 1004 2170 in
1019 2105 1165 2191 illopost

73 2191 332 2256 resurrectionem
374 2190 616 2267 armarium,
648 2191 850 2266 sedunum,
878 2203 914 2252 et
934 2209 1005 2252 non
1027 2193 1180 2272 compo?
1231 2191 1236 2203 “

69 2272 166 2349 stum,
186 2297 297 2338 unum
319 2211 376 2337 sel
397 2272 592 2359 simpliciter
607 2294 716 2336 unum
734 2293 873 2358 caepae,
896 2286 931 2334 et
947 2269 1071 2346 senine,
1094 2268 1164 2334 ani·

67 2377 124 2431 me,
154 2371 186 2420 et
212 2355 425 2430 intellectum
455 2357 591 2438 quibus.
622 2353 752 2441 inquit,
783 2351 875 2443 quqfi
930 2353 1073 2426 artibus,
1102 2373 1164 2436 per
1227 2355 1230 2363 “

60 2436 173 2524 sagula
202 2441 377 2522 unicuique
404 2434 634 2536 universaliter
660 2452 834 2521 cognatum
861 2461 882 2500 a
911 2439 1025 2503 ocians
1054 2449 1161 2500 extre·
1274 2512 1275 2515 Ἴ

69 2545 155 2598 nume
172 2543 209 2588 ac
229 2524 254 2587 si
278 2537 393 2608 aperte
415 2525 561 2597 diceret,
585 2521 746 2608 quoniam
767 2519 915 2586 Christus
937 2535 1082 2607 quatuor
1086 2521 1162 2605 ,bu-

69 2627 168 2669 menae
185 2622 329 2670 naturae
349 2620 460 2690 partae
481 2625 560 2670 acce
585 2605 639 2680 it,s
655 2620 689 2668 et
706 2603 743 2668 in
759 2602 866 2690 seipso
886 2600 1065 2677 adunavit,
1086 2599 1164 2666 uni·

67 2689 173 2752 versent
202 2703 409 2762 creaturam,
445 2691 512 2752 hoc
541 2627 601 2762 ei,
632 2685 896 2752 intellectualem
921 2701 956 2750 et
976 2683 1164 2749 sensibilem

69 2771 261 2858 dempsisse,
291 2787 325 2836 et
345 2769 383 2833 in
403 2769 509 2854 seipso
534 2771 689 2833 adunasse
709 2760 921 2834 manifestum
937 2768 991 2832 est.
1024 2765 1171 2838 Etenim!

68 2852 97 2915 in
115 2855 271 2930 bomine,
295 2875 401 2939 quem
418 2867 529 2916 toturn
551 2851 697 2936 accepit,
731 2851 889 2916 universa
910 2865 1061 2915 creatura
1082 2869 1163 2914 con-

67 2935 125 2999 tin
145 2939 200 3013 et,
212 2935 365 3030 fingulis
384 2939 468 2999 enim
488 2935 664 3016 partibus,
685 2932 816 3019 ut‘ipse
837 2933 895 3008 ait,
918 2946 1092 3014 cognatum
1112 2925 1163 3023 as·
1247 3005 1254 3018 Ι

61 3013 177 3104 socians
196 3037 398 3092 extremum,
426 3033 570 3104 cognata
589 3035 716 3080 vocene
740 3030 903 3088 extrema,
931 3035 1072 3098 corpora
1092 3034 1164 3078 om·

66 3101 171 3189 uiaque
200 3101 364 3169 visibilia:
393 3097 590 3165 haecbnim
612 3097 856 3162 extremitatem
878 3095 1053 3160 universae
1074 3117 1163 3160 crea·

69 3201 146 3250 turae
174 3188 333 3252 deorsum
353 3186 467 3248 versae
489 3182 667 3257 obtinent,
696 3179 824 3265 sibique
846 3178 996 3246 invicem
1018 3191 1163 3264 cognata

68 3267 146 3332 sunt:
167 3271 297 3334 sursum
317 3288 398 3332 vero
419 3267 555 3340 versae,
579 3267 716 3328 alteram
736 3277 907 3326 creaturae
930 3260 1089 3327 obtinent
1109 3282 1164 3326 ex·

67 3353 249 3418 tremitetern
284 3371 401 3416 omnee
428 3349 672 3413 intellectuales
701 3343 875 3422 essentiae,
912 3344 1109 3438 quaejnter
1128 3343 1163 3408 se

66 3432 196 3502 invicem
221 3434 376 3500 similiter
403 3447 566 3518 cognatae
591 3431 679 3495 sunt.
722 3428 781 3493 Sin
829 3427 872 3492 lie
900 3449 979 3515 ergo
1008 3425 1162 3512 partibut

65 3519 212 3584 humanae
233 3534 394 3590 naturae,
424 3531 568 3601 cognata
592 3529 756 3587 extrema,
816 3531 857 3577 oc
879 3511 940 3584 cst,
963 3521 1163 3575 connatura-

67 3601 104 3662 lee
122 3619 258 3668 naturae
280 3601 318 3664 in
340 3597 469 3665 Christo
491 3597 635 3662 sociatae
655 3597 744 3660 sunt.
776 3595 907 3681 Corpus
928 3593 1091 3679 fiquidem
1110 3611 1163 3658 ae·

67 3682 181 3769 cipiene
202 3700 357 3774 quartam
376 3679 484 3746 veluti
507 3677 655 3746 hominia
676 3691 825 3764 partem,
850 3699 987 3742 omnem
1008 3697 1163 3772 corpora·

66 3766 122 3832 lem
140 3787 326 3836 creaturam
348 3765 408 3830 sibi
428 3764 591 3843 adjunxit.
621 3763 764 3828 Sensum
783 3782 863 3826 vero
886 3761 1064 3833 assunrene,
1085 3779 1161 3822 unt·

63 3851 176 3916 versam
214 3850 421 3924 sensibilem.
439 3849 602 3936 sensuque
631 3860 786 3910 utentem
816 3843 947 3910 sibimet
976 3840 1162 3938 copulavit.

68 3933 148 4014 Quid
176 3939 219 4000 de
240 3934 361 4009 'anima
393 3931 601 3998 dicendum?
636 3931 762 3994 Nonne
789 3925 827 3994 in
850 3949 888 3992 ea
909 3947 1009 4014 quam
1032 3940 1164 4022 accepit

69 4035 129 4080 uon
150 4018 259 4084 solum
278 4015 512 4082 rationabilem
533 4013 697 4087 animam,
719 4033 837 4076 verum
859 4027 894 4076 et
907 4031 1043 4076 omnem
1056 4023 1163 4072 vitam

69 4099 256 4168 nutritivam
275 4117 309 4166 et
329 4099 474 4166 activam
493 4099 532 4164 in
551 4100 585 4170 se
607 4093 895 4183 ipsoassocievits
921 4096 968 4168 de,
984 4092 1161 4190 intellectu

70 4201 158 4250 nemo
180 4183 369 4273 sapientum
391 4181 542 4276 dubitata
567 4185 718 4252 humano
739 4175 832 4253 enim
849 4175 1040 4246 intellectui
1060 4192 1162 4262 quern
