2884 4820
442 255 547 324 mea·
569 255 730 336 oanan
810 215 812 218 ’
1060 259 1140 330 cca

38 437 305 527 generationibus
335 455 371 504 et
393 449 490 504 cor'ru
517 437 669 506 tionibue
691 438 874 514 subditam,
906 449 983 506 bera
1006 443 1137 508 ratione

39 525 228 670 elongatur,
252 520 346 588 omni
366 461 579 609 responsione
600 521 762 609 indignus
775 522 956 601 efficietur;
979 525 1137 590 omnibus

37 607 180 775 {itiaque
210 709 388 786 corporum
419 686 651 786 incorpoream
682 689 754 788 effe.
805 690 841 756 si
871 707 982 790 autem
1016 689 1137 791 dixerit

36 793 184 941 {illisa
198 771 424 952 lilioli}
440 773 1137 934 :llttl‘ftt'zs'tltstultit‘llll

35 939 203 1004 defecturo
223 938 310 1002 ultra
332 957 445 1002 omma
466 939 540 1003 loca
563 953 597 1002 et
617 953 789 1024 tempora.
824 941 911 1004 ultra
933 961 1050 1004 omnea
1070 938 1137 1004 vir·

35 1035 118 1086 tutat
139 1020 294 1086 coelellea
316 1021 539 1096 ascensuram
594 1021 722 1086 refecto
743 1042 814 1086 non
835 1021 1027 1110 intelligit„
1065 1025 1136 1088 uotl

35 1107 74 1168 de
90 1119 163 1170 toto
183 1101 313 1168 Christo
328 1102 493 1170 catholica
506 1045 689 1169 confitetur
702 1105 845 1181 ecclefia,
862 1105 996 1202 dicent:
1017 1044 1134 1194 ,ὅσαπ-

33 1188 82 1251 dtr
101 1191 137 1251 in
160 1187 297 1262 coelum,
309 1180 407 1278 sedit
420 1189 467 1252 orl
481 1188 634 1252 dextram
645 1191 768 1252 Patris.
798 1191 843 1252 Et
857 1187 932 1275 quia
946 1188 1009 1253 nrfi
1020 1211 1135 1256 amena

35 1269 152 1368 pixerit
178 1270 333 1336 coelesteo
364 1269 506 1368 virtuter
527 1272 612 1368 ultra
631 1274 725 1371 hunc
744 1273 910 1369 muptlu'm
930 1271 1013 1370 esse,
1046 1274 1135 1372 iptra

31 1353 545 1512 triturantur
567 1355 837 1431 s
852 1354 1051 1535 uate,

31 1520 85 1583 bea
104 1460 202 1584 iolari
223 1518 304 1606 igne
322 1517 493 1594 consumi,
516 1519 619 1606 inque
641 1541 718 1584 eum
741 1520 920 1584 convertas
943 1521 979 1584 Sa
1002 1523 1134 1595 dixerat,

33 1601 111 1687 quid
134 1601 257 1668 mirum
280 1603 302 1666 fi
326 1603 491 1668 Chrislum
514 1603 696 1668 secundum
718 1624 852 1668 carnem
872 1602 910 1666 in
932 1601 1045 1688 aliquo
1056 1605 1134 1668 loco

31 1686 127 1762 hujua
159 1684 312 1772 corporei
334 1684 438 1759 coeli,
477 1687 531 1748 vel
553 1686 747 1772 ubicunque
768 1685 804 1748 in
828 1708 868 1750 eo
887 1685 1036 1750 volucrit
1054 1687 1135 1750 slare

32 1769 80 1832 vel
108 1767 238 1833 moveri
266 1771 461 1841 credamus,
494 1768 678 1834 secundum
699 1790 780 1834 vero
803 1767 948 1834 animam
971 1771 1025 1832 vel
1049 1766 1134 1834 divi·

32 1850 170 1916 nitatem
192 1849 319 1936 ubique
341 1852 423 1926 esse;
454 1849 611 1914 litamen
633 1850 744 1916 anima
766 1856 857 1932 ejua,
889 1850 973 1914 ficut
993 1865 1027 1915 et
1049 1850 1136 1916 divi·

31 1931 114 1997 nitar
142 1933 271 2029 ubique
291 1933 445 2016 praesent
469 1932 512 1994 esl
535 1947 635 2016 atque
657 1931 793 1996 diffusar
828 1933 1050 1998 confiteamur
1069 1936 1134 1998 An·

50 2015 152 2080 elicoe
182 2014 317 2102 spuitur
349 2015 437 2076 ultra
458 2031 592 2076 omnem
617 2033 810 2096 corpoream
832 2029 1015 2079 creaturam
1035 2016 1135 2080 subsr-

29 2037 125 2173 flere,
156 2109 191 2159 et
222 2097 309 2158 ultra
332 2115 467 2158 omnem
487 2095 600 2158 locum
623 2093 812 2158 inlocaliter
832 2094 981 2170 moveri;
1017 2107 1134 2162 eorum

29 2202 105 2246 vero
130 2199 294 2263 corpora,
329 2176 450 2262 quibua
473 2174 668 2242 hominibua
689 2176 798 2244 solent
822 2197 1000 2262 apparere,
1033 2195 1067 2242 et
1087 2181 1135 2244 lo·

28 2263 107 2328 calia
133 2261 212 2336 esse,
236 2276 270 2324 et
290 2257 377 2324 intra
400 2257 563 2322 ambitum
585 2257 744 2322 sensibilia
766 2275 936 2324 creaturae
953 2260 1133 2328 contineri.

28 2347 279 2431 Respondemus
301 2363 412 2427 neque
432 2340 610 2427 Angelicoa
633 2339 787 2428 spiritua,
817 2363 928 2428 neque
951 2343 1134 2429 spiritualia

27 2451 142 2494 eorum
174 2447 333 2514 corpora,
367 2445 452 2510 quae
481 2423 654 2489 causaliter
680 2423 717 2490 in
746 2423 822 2510 iplia
843 2423 1015 2509 spiritibua
1038 2427 1134 2493 subsr-

29 2512 130 2582 bunt,
167 2508 256 2574 intra
286 2509 378 2606 septa
406 2511 586 2592 corporeae
618 2522 787 2572 creaturae
818 2505 960 2574 omnino
985 2519 1135 2596 compre·

29 2593 141 2660 nendi.
174 2593 253 2656 Non
276 2613 367 2656 enam
388 2588 571 2656 materialia
593 2611 633 2654 ex
653 2587 870 2676 qualitatibus
891 2591 1010 2656 mundi
1033 2594 1134 2671 bujut

29 2680 272 2742 elementorum
292 2673 472 2758 composita
493 2670 660 2758 possident
681 2693 839 2757 corpora;
871 2673 927 2738 sed
949 2670 1134 2759 spiritualia

28 2757 253 2824 intellectibur
276 2755 342 2820 suia
363 2757 569 2828 coadunata,
603 2753 640 2819 in
660 2754 784 2838 quibua
806 2757 941 2840 quando
963 2769 998 2819 et
1018 2755 1078 2820 ubi
1100 2771 1135 2821 et

28 2843 196 2927 quomodo
216 2841 364 2912 volunt,
398 2835 554 2902 humanit
575 2835 718 2900 sensibus
741 2839 783 2900 ad
805 2853 936 2922 tempuo
958 2854 1132 2925 apparent,

27 2947 94 2990 non
126 2941 239 2988 tamen
276 2919 497 3006 phantastice,
532 2919 589 2982 sed
612 2916 785 2984 veraciter.
827 2915 877 2984 Er
896 2920 984 2984 veria
1005 2919 1133 3020 quippe

130 604 177 678 cia
206 603 412 690 sapientibus
435 607 515 670 dum
534 605 574 670 sit
596 605 791 683 definitum,
821 623 974 672 naturam
995 609 1136 672 substan·

28 3007 215 3074 tationibua
235 3026 314 3068 vera
336 3023 474 3090 corpora
492 3003 674 3088 procedere
694 3016 728 3065 et
750 2999 954 3088 spi-ritualia,
989 3001 1132 3070 dubium
1252 3075 1255 3086 ,

29 3111 97 3158 oon
118 3089 173 3154 esi.
215 3091 255 3152 ln
277 3085 336 3152 tali
360 3105 501 3184 corpore
521 3084 687 3182 Christum
708 3084 775 3151 suia
798 3083 971 3182 discipuli!
991 3085 1063 3184 ¹¹⁰.st
1082 3109 1132 3152 re.

31 3170 268 3238 surrectionem
296 3169 479 3254 apparuisse
500 3169 685 3242 credamne,
716 3188 788 3232 non
811 3169 903 3312 pund
922 3169 1014 3232 altud
1034 3170 1131 3242 rllud,

30 3255 118 3325 aliud
140 3257 233 3342 quod
254 3268 371 3317 natum
394 3250 437 3314 esl
458 3273 497 3314 er
517 3248 666 3334 virgine,
689 3248 809 3336 suapen
827 3271 884 3314 um
899 3248 935 3314 in
951 3271 1060 3326 cruce,
1082 3273 1132 3317 re·
1161 3331 1162 3336 ἵ

31 3339 222 3406 suacitaturn
243 3357 262 3400 a
283 3333 445 3408 mortain
482 3333 538 3397 sed
558 3331 666 3418 ipsum
688 3334 730 3396 ele
750 3331 885 3396 mortali
904 3331 941 3396 in
963 3331 1133 3400 immorta·
1252 3346 1254 3357 ⁴

31 3421 77 3496 le,
111 3425 154 3488 de
184 3417 320 3484 animali
341 3415 379 3482 in
401 3413 592 3502 spirituale,
627 3415 669 3478 ea
691 3427 823 3480 terreno
844 3415 881 3480 in
902 3415 1041 3482 coelesle
1060 3440 1132 3482 mu·

31 3517 146 3570 tatum.
190 3505 229 3568 ln
251 3499 374 3564 talibue
395 3497 591 3584 corporibua
612 3499 778 3564 humanae
800 3513 938 3563 naturae
952 3501 1132 3566 numerosi·
1176 3543 1179 3554 ·

30 3601 77 3652 tar
109 3609 149 3652 err
179 3582 314 3650 secretio
335 3579 403 3646 suia
424 3580 566 3656 tinibua,
598 3579 712 3646 finon
735 3596 907 3668 peccaret,
939 3581 1130 3668 pullularet.

31 3670 112 3734 Inest
143 3667 305 3767 bquideru
334 3663 520 3761 unicuique
546 3661 724 3728 hominurn
758 3665 888 3730 occulta
910 3665 1058 3750 corporis
1080 3665 1132 3730 sui
1244 3737 1247 3746 Α

31 3753 132 3827 ratio,
155 3773 192 3818 an
214 3771 314 3838 quam
333 3745 585 3812 resurrectionis
608 3745 758 3830 temp‘ore
778 3749 843 3810 hoc
867 3762 1033 3811 terrenum
1046 3771 1132 3814 mor·

32 3837 163 3922 taleque
182 3829 389 3904 mutabitur,
413 3829 503 3893 etin
526 3849 591 3915 qua
611 3831 661 3893 An
688 3827 779 3894 elicio
801 3828 996 3914 corporibus
1014 3829 1131 3896 assimi-

30 3917 168 3995 labitur,
207 3919 341 4014 quando
370 3911 524 3978 hominea
555 3933 636 3996 aequ
688 3913 860 3994 rongesis
887 3926 989 3978 erunt.
1031 3914 1131 3978 Nulla

31 3997 141 4086 itaque
168 4016 253 4065 ratro
282 3996 380 4064 nobie
403 3995 524 4070 obslrt,
560 4010 688 4060 utnon
711 3993 946 4061 incunctanter
967 4011 1001 4060 et
1020 3999 1131 4060 creda·

30 4103 101 4148 mua
135 4097 169 4148 et
197 4081 422 4170 intelligamur
455 4075 642 4144 Dominum
672 4077 817 4142 nostrum
837 4079 944 4144 lesum
966 4077 1132 4142 Christum

35 4163 71 4228 in
91 4167 220 4232 turbae
241 4163 307 4228 suia
326 4161 455 4230 naturia
477 4161 516 4230 in
536 4160 791 4248 inseparabilem
812 4161 902 4228 suam
920 4158 1131 4225 substantiam

599 4265 727 4346 effi,
