3038 4832
290 223 371 298 ite
524 165 559 306 ,Ι
614 223 669 296 tie
689 227 871 298 munnae
894 225 1063 298 numae.

292 408 481 504 putationis
509 407 683 477 necesfiin
716 411 871 502 exigebat
899 413 1066 503 quaedam
1081 412 1141 476 dc
1171 409 1407 502 incidentibue

292 494 541 587 quaestionibus
565 495 765 584 principalia
786 495 986 586 quaestionis
1008 497 1209 564 revelandae
1268 499 1335 561 atla
1356 497 1407 562 iu·

290 584 494 648 traducere·
519 579 623 646 Nulla
642 581 666 646 fi
690 580 805 647 uidem
825 579 1191 672 principalia.quaellio
1206 603 1235 643 -e
1276 595 1316 644 ut
1332 579 1408 668 opi·

289 652 372 744 no‘r,
395 685 481 754 quae
501 685 573 737 riori
589 603 787 746 incidenter
811 667 1018 754 quaestiones
1040 669 1126 731 durii
1139 661 1410 752 diligeritirnen·

289 751 332 817 tie
357 748 517 821 contuitu
537 747 656 814 investi
681 765 756 819 atur
775 752 936 838 recipiat}
958 750 1097 816 enodari
1118 747 1409 834 enim-aliteriiu7

287 832 442 900 *offibile
469 831 534 907 ell,
565 837 646 920 prae
662 833 760 899 ertirn
789 856 876 899 cuin·
894 833 1118 900 neceffa'rium'
1144 845 1178 896 et
1191 830 1409 897 “inevitabile

288 859 395 996 ieret,
418 917 500 983 cludi
519 919 562 982 de
582 916 762 1005 principiis
781 935 894 984 rerum
917 919 1181 1006 disputabamus,
1201 918 1269 981 boc
1290 915 1343 991 eli,
1364 917 1410 980 de

287 985 563 1088 primordialibus
595 1003 717 1076 caufia,
752 1004 793 1068 de
823 1023 895 1067 urio
919 1005 1020 1068 etiam
1043 999 1197 1068 omnium
1218 997 1404 1086 principie,

287 1091 372 1150 Deo
385 1083 566 1162 videlicet,
623 1085 659 1150 ui
682 1085 770 1150 solua
797 1087 841 1149 est
862 1087 930 1151 lolii
952 1107 990 1154 ac
1011 1085 1120 1172 prima
1142 1084 1408 1149 caularum-oiri-

286 1169 384 1234 nium
405 1170 523 1246 caula,
547 1183 581 1232 et
601 1107 839 1266 inpercaulalis
862 1171 977 1244 caula,
1000 1186 1035 1233 et
1053 1167 1331 1268 supereffentialia
1344 1169 1406 1232 bo-

285 1251 393 1326 uitas,
433 1255 531 1332 ¹cujus
562 1252 826 1340 participatione
848 1254 968 1317 *omnia
1021 1251 1188 1339 iincipia,‘
1223 1267 1258 1316 et
1287 1270 1417 1338 artritica¹

286 1337 403 1402 caulae
424 1336 580 1404 omnium
600 1347 712 1400 rerum
734 1336 927 1413 subsistunt3
950 1277 1021 1436 ipiri
1042 1358 1123 1402 vero
1147 1335 1282 1400 nullum
1302 1333 1439 1428 parti-tt

285 1419 395 1506 cipat,
428 1419 509 1505 quia
543 1419 637 1484 omui
666 1419 837 1507 principio
869 1417 1033 1506 superiori
1061 1418 1095 1482 l'e
1125 1420 1180 1482 vel
1202 1419 1315 1484 lecum
1337 1415 1406 1482 exi·
1456 1475 1461 1482 .

284 1501 483 1568 llenti·non
513 1517 626 1568 tamen
657 1502 862 1568 coellentiali
893 1503 965 1568 fibi·
983 1503 1125 1568 omnino
1160 1515 1268 1585 caret,
1311 1503 1404 1589 quod

259 1585 399 1650 ,animo
422 1589 621 1652 occurrebat
639 1585 779 1650 inferri:
798 1585 878 1674 ¹quia
900 1586 992 1650 enim
1015 1590 1057 1652 <le
1079 1585 1199 1650 creatia
1221 1585 1404 1650 causiar'eo·

284 1683 319 1732 te
366 1673 370 1680 ’
392 1668 429 1734 id
442 1667 562 1744 dicet,
595 1667 658 1733 nisi
677 1669 772 1756 priua
793 1669 932 1734 unicam
954 1669 1109 1734 omniurn
1132 1669 1266 1734 caulam
1288 1693 1347 1758 per
1364 1669 1405 1732 'le

284 1751 343 1814 lub
395 1767 510 1815 eutem
541 1765 575 1814 et
605 1773 624 1814 a
650 1754 744 1816 nulla
761 1753 984 1839 'praecedenti
1005 1753 1038 1816 le
1059 1765 1216 1818 creutam·
1251 1775 1312 1818 ure
1331 1773 1406 1841 per·

285 1831 428 1920 spiciat'l
459 1831 497 1896 in
526 1849 693 1932 quantum
723 1837 765 1900 de
781 1833 960 1900 'ineffabili
990 1837 1089 1899 datur
1110 1835 1190 1912 ieri,
1222 1775 1405 1924 dequeiu·

196 1945 205 1954 ·
283 1909 578 2002 comprehdnsibili
607 1917 871 2006 comprehendi,
904 1919 946 1982 de
976 1919 1154 2006 superante
1185 1939 1322 1987 omnem
1341 1919 1404 1985 'in-

281 1999 456 2064 tellectum
485 1999 645 2086 intelligi.
689 2003 779 2066 Cum
806 2001 860 2066 hia
891 2000 993 2066 etiam
1020 1997 1202 2089 quaedam'»
1216 2006 1259 2067 de
1281 2001 1405 2068 reditu

281 2101 394 2147 retum
421 2081 638 2147 mutabilium
666 2097 768 2171 atque
789 2085 1034 2172 segregatarum
1053 2107 1115 2172 per
1137 2086 1283 2152 diversae
1303 2103 1403 2153 natti-

280 2185 336 2228 rae
358 2163 539 2231 divisiones
562 2181 596 2230 et
616 2181 727 2253 partee
750 2167 874 2254 quibua
894 2167 952 2233 iste
972 2172 1123 2234 mundun
1143 2171 1320 2256 perficitur
1341 2170 1404 2236 ite·

281 2255 365 2312 rum*
387 2247 424 2312 in
483 2248 568 2313 rinei
596 2249 628 2312 ia
646 2252 714 2315 'lua
744 2273 785 2315 ex
807 2251 933 2338 quibua
952 2251 1133 2338 procedit,¹
1160 2251 1252 2318 etin
1275 2249 1403 2342 quibua

238 2358 242 2364 ·
280 2271 539 2396 immutabiliter
575 2333 709 2409 ubfistit,
733 2335 815 2397 dum
835 2333 1245 2414 finiaomniumwenerir,
1267 2357 1402 2404 corum·

280 2433 360 2498 que·
391 2435 455 2476 uae
476 2412 513 2478 iii
529 2428 633 2478 motu
656 2417 733 2480 lunt
755 2417 856 2492 statua
877 2418 1088 2504 apparuerit,
1101 2441 1174 2506 pei·
1186 2441 1295 2508 quem
1311 2421 1402 2487 iiiliil

279 2513 380 2560 move
405 2495 488 2571 itur,
513 2497 662 2562 breviter
683 2499 936 2586 perlibavimua.
980 2501 1042 2567 Hie
1063 2501 1181 2590 itaque
1200 2499 1346 2594 aliisque
1360 2521 1402 2570 iit

280 2577 426 2642 diximus
448 2579 589 2656 secundi
605 2581 767 2647 [armonia
782 2587 865 2648 ordo
885 2583 1029 2660 texitur,
1053 2583 1402 2678 deindecorilequeu·

279 2659 327 2726 tia
355 2662 588 2748 quaestionum
616 2665 654 2728 iii
682 2665 780 2730 fallor
812 2667 926 2754 exigit.
970 2669 1128 2736 Tertium
1156 2671 1301 2750 librum,
1333 2675 1399 2742 deo

226 2803 232 2810 .
279 2745 385 2816 duce,
421 2748 463 2810 de
495 2745 594 2810 tertia
623 2747 820 2815 universalis
850 2767 992 2817 naturae
1014 2755 1298 2834 consideratione,
1331 2761 1399 2824 boc

256 2821 341 2920 test,
367 2829 410 2890 de
433 2847 473 2922 εει
492 2841 587 2924 parte
611 2847 782 2896 creaturae
805 2855 891 2920 quae
905 2852 1036 2900 creatur
1049 2851 1164 2903 ctnon
1178 2857 1279 2916 creat,
1302 2840 1397 2929 quic·

278 2907 362 3052 §aad
388 2910 491 3006 nobie
512 2933 550 2974 iii
572 2929 722 2978 mentem
744 2915 958 2982 luxaeterna
980 2919 1197 3018 patefecerit,
1227 2923 1306 2988 texi.
1349 2925 1394 2991 D.

312 3009 356 3052 on
391 2991 487 3055 aliter
516 2992 567 3058 dia
593 2996 713 3062 utendi
740 2995 831 3063 viam
858 2999 992 3087 ingredi
1021 3020 1158 3090 oportet
1177 3023 1218 3070 ut
1238 3007 1394 3086 aettimo;

277 3091 356 3135 nam
378 3073 402 3136 fr
422 3073 552 3159 primus
568 3019 661 3142 iiber
681 3083 723 3144 de
744 3097 864 3146 natura
888 3101 1011 3149 cuncta
1036 3103 1190 3166 creante,
1225 3105 1259 3155 ct
1280 3113 1300 3156 a
1320 3094 1396 3158 nul·

276 3155 309 3216 la
330 3170 458 3252 creata,
482 3159 592 3244 deque
614 3162 683 3227 [olo
706 3167 770 3229 deo
794 3164 984 3244 intellecta;
1007 3170 1174 3238 fecundus
1193 3195 1276 3240 vero
1298 3177 1341 3240 de
1355 3197 1394 3240 ea

276 3255 371 3336 quae·
391 3253 427 3301 et
456 3257 610 3338 creatur,
649 3261 684 3309 et
706 3261 819 3323 creat,
854 3250 944 3314 etin
967 3251 1162 3338 primordiis
1182 3277 1296 3324 rerum
1317 3279 1395 3346 cog·

276 3335 440 3397 noscitur,
463 3325 658 3391 rationabili
673 3331 1048 3420 tractatprogrelliorier
1071 3360 1166 3406 nunc
1184 3343 1395 3430 consequent

276 3400 320 3498 ed
341 3415 382 3500 ut
402 3419 440 3501 et
458 3406 579 3473 tertiue
601 3411 644 3474 de
665 3414 764 3479 tertia
787 3437 873 3502 quae
894 3433 1025 3483 creatur
1047 3435 1082 3486 et
1104 3443 1177 3488 non
1198 3441 1291 3490 creat
1309 3445 1392 3490 coii-

273 3483 458 3550 llitiatioriia
479 3489 556 3556 luae
577 3495 752 3562 materiam
770 3499 949 3588 suscipiat:
971 3503 1028 3568 led
1042 3505 1240 3598 priusquam
1257 3511 1298 3574 'ad
1313 3526 1393 3575 eno-

275 3567 433 3668 dandam·
452 3573 542 3641 banc
568 3591 710 3644 naturae
738 3597 868 3668 partem
899 3599 1127 3667 transeantur,
1160 3593 1254 3660 nolle
1286 3591 1394 3658 velim
1460 3588 1461 3592 ’

273 3669 339 3750 qun
358 3669 504 3730 ‚ratione
532 3679 605 3724 eam
633 3677 790 3730 naturam
822 3689 908 3755 quae
935 3672 975 3734 ab
1005 3673 1165 3740 omnium
1193 3692 1394 3745 naturarum

272 3737 488 3804 universitate
508 3765 570 3842 per
591 3745 825 3816 excellentiam
846 3751 915 3828 lui,
938 3769 1040 3841 atque
1060 3748 1393 3828 infinitatem'reiiio·

271 3824 525 3924 “tusareluti'
552 3827 696 3914 primam
723 3850 852 3919 partem
882 3835 984 3923 ipfiua
1005 3840 1237 3912 'universitatia
1258 3851 1392 3932 ponere

270 3899 416 3970 voluisti.
447 3909 660 4007 'linircrsitae
683 3915 845 4003 siquidem
866 3920 1050 3990 formarum
1070 3927 1205 3992 inarum
1226 3929 1392 4015 partium·

270 4005 336 4072 que
357 3992 708 4090 numeria-impletur,
733 4021 772 4066 ac
792 4025 852 4091 pei
874 4005 999 4071 hocin
1021 4008 1198 4077 infinitum
1219 4033 1293 4078 uon
1312 4035 1389 4094 pro·

271 4071 442 4169 graditur,
475 4075 542 4141 liiii
566 4079 657 4146 eiiiiu
679 4081 805 4151 finibus
826 4087 954 4154 ruitum
974 4093 1214 4186 versuaat‘que
1232 4097 1391 4166 deorsum

270 4167 486 4232 terminaturi
510 4163 551 4224 ab
574 4164 798 4236 intellectuali
817 4169 982 4259 Equidem
1000 4191 1154 4246 creatura
1175 4180 1312 4268 quaein
1329 4201 1390 4248 ari·
1462 4235 1472 4249 .
