2866 4822
311 233 393 308 486
449 283 453 304 .
564 205 567 226 ¹
646 233 700 303 lle
720 231 1093 306 balaonetvnnnae.

310 435 430 486 natura
450 437 625 504 nunquam
645 419 771 483 malum
793 419 941 518 appetite
962 417 1001 486 in
1022 417 1138 486 multia
1159 435 1277 486 tamen
1297 420 1419 488 sollitm

312 519 347 570 et
379 500 566 589 decipitur,
598 499 677 566 salsa
697 523 760 588 pro
781 523 870 566 verra
892 504 1097 601 approbant,
1130 505 1223 601 qu‘od
1243 505 1419 650 proprioru

311 587 356 654 est
376 585 515 661 erroris,
539 599 574 648 et
594 605 664 652 non
686 599 810 650 rectam
832 585 922 652 viam
942 588 1166 672 rngredrentra
1186 587 1230 652 ad
1268 609 1418 654 nmmum

310 674 441 736 bonum
486 667 705 766 uodsemper
728 668 868 756 quaerit.
925 668 1102 735 Perversua
1124 683 1237 735 autem
1258 669 1340 758 ipse
1360 695 1418 737 mo

310 769 366 818 tut
386 691 553 818 vocalrulo
577 751 725 816 malitiae
745 773 816 816 non
837 737 1027 839 incongrue'
1047 753 1245 900 appellatur.
1289 755 1416 820 Malitir

300 857 457 923 mamque
478 834 521 898 ell
542 833 673 899 animae
693 833 930 902 intellectualia
953 851 1157 901 naturarum
1179 839 1360 903 bonorum
1373 844 1415 904 ob

309 919 411 992 livio,
435 919 531 982 etad
552 915 655 982 finem
676 915 847 984 insitarum
869 935 1008 984 naturae
1029 917 1194 984 virtutum
1212 923 1415 1007 operationis

255 1039 260 1048 ·
312 1003 480 1075 desectus,
513 999 783 1088 naturaliumque
810 1001 1042 1100 potentiarum·
1057 1024 1118 1088 per
1138 1003 1319 1070 fallentem
1342 1007 1415 1084 judi

312 1085 481 1152 cntionem
503 1081 539 1146 in
563 1082 655 1148 aliud
675 1101 806 1170 praeter
827 1085 930 1152 finem
951 1083 1188 1150 irrationabilia
1211 1103 1347 1152 motus.
1378 1091 1416 1154 H-

310 1189 390 1232 nem
412 1188 491 1232 vero
515 1166 592 1232 dico
614 1189 729 1232 eorum
753 1191 837 1256 quae
859 1169 937 1234 sunt
958 1169 1109 1244 causam,
1140 1191 1238 1268 quam
1263 1175 1416 1239 naturali

311 1267 363 1316 ter
394 1263 560 1338 appetunt
595 1249 719 1329 ouroia.
773 1253 921 1318 Proinde
955 1251 967 1316 i
995 1253 1029 1317 so
1058 1251 1286 1318 irrationabili
1317 1275 1414 1331 mom,

312 1332 372 1420 qui
394 1333 498 1398 totiua
519 1331 601 1398 mali
619 1349 656 1412 ,ct
676 1334 824 1410 malitiae
846 1351 880 1400 et
901 1355 939 1400 ca
978 1358 998 1400 a
1020 1351 1054 1400 et
1073 1335 1255 1421 plenitudo
1278 1337 1350 1414 esi,
1372 1344 1415 1404 bo

310 1415 428 1482 nitatis
462 1415 686 1504 amplitudine
714 1417 965 1504 circumscripto
992 1417 1198 1508 penitusque
1224 1421 1413 1496 terminato,

309 1499 555 1568 rationabiliter
586 1500 772 1568 secundum
793 1501 905 1566 inlitae
926 1501 986 1566 fibi
1006 1503 1174 1566 naturales
1194 1501 1349 1572 virtuter
1369 1511 1414 1570 ba

311 1605 410 1649 mana
439 1599 559 1648 natura
586 1583 795 1660 movebitur,
832 1585 958 1651 sursum
988 1585 1101 1650 versut
1124 1601 1252 1661 erecta;
1290 1591 1414 1654 causan

310 1667 404 1731 suam
431 1667 560 1752 semper
590 1682 771 1752 appetent,
806 1684 839 1731 et
868 1667 905 1733 in
935 1668 1141 1754 paradisum,
1176 1667 1321 1742 deliciae
1352 1673 1413 1737 dieo

309 1749 475 1814 virtutum
507 1769 588 1834 quaa
613 1749 810 1814 naturaliter
830 1749 895 1825 fibi
913 1751 1051 1816 insertae
1071 1755 1244 1838 peccando
1267 1757 1413 1839 perdide

309 1847 380 1907 rat,
409 1829 562 1906 redient,
593 1851 701 1896 ercam
727 1855 769 1896 ue
797 1832 883 1920 ligni
914 1833 1023 1910 vitae,
1055 1833 1121 1899 Dei
1140 1833 1307 1901 vid'elicet
1332 1839 1427 1903 verbi¹

310 1912 633 2000 contemplationem
662 1854 818 1980 unienter
842 1917 1047 1994 desiderans,
1080 1916 1286 2003 divinaeque
1309 1921 1413 2008 imagi·

309 1997 364 2064 uia
386 2000 427 2061 ad
449 2018 549 2084 quam
571 1997 658 2062 sacta
679 1998 739 2072 est,
763 1999 797 2064 di
823 1999 963 2066 nitatem
984 1999 1134 2085 recipere
1154 2000 1330 2076 festinans.
1361 2007 1427 2069 Sed*

310 2085 402 2170 quod
424 2079 556 2167 quaerit
576 2095 610 2144 et
630 2081 776 2168 appetit,
800 2023 880 2148 ium
901 2099 993 2148 recte
1014 2099 1170 2148 movetur
1190 2085 1244 2146 vel
1260 2107 1337 2151 non
1357 2109 1427 2178 rec·1

312 2181 365 2238 te,
402 2163 576 2228 infinitam
604 2165 648 2228 ell
677 2165 838 2251 omnique
868 2183 1038 2232 creaturae
1063 2165 1410 2252 incomprebensibile;

309 2245 557 2332 necessarioque
595 2247 725 2333 semper
753 2248 925 2334 quaeritur
953 2271 992 2314 ac
1020 2251 1149 2337 semper
1175 2269 1340 2317 movetur
1366 2277 1411 2340 per

260 2364 264 2384 .
310 2335 377 2396 hoc
396 2332 493 2428 quod
510 2329 656 2414 quaerit,
679 2330 892 2418 mirabilique
911 2335 1025 2431 modu,
1041 2335 1310 2432 ‘quodammodo
1334 2339 1410 2424 qnod

228 2991 230 2998 ·
270 2929 282 3036 l

273 3169 282 3226 l

312 2427 459 2499 quaerit,
481 2411 617 2476 tuvenit
637 2427 671 2476 et
686 2434 756 2478 non
771 2413 924 2492 invenit,
948 2437 1026 2502 quta
1038 2415 1193 2480 invenire
1209 2439 1282 2482 non
1302 2419 1408 2518 pottll

309 2494 447 2560 Invenit
466 2481 578 2558 anteri
599 2515 659 2580 per
680 2496 920 2593 theopbanias,
942 2522 1003 2586 per
1023 2515 1162 2564 naturae
1180 2523 1263 2566 vero
1284 2504 1408 2567 divinar

310 2599 372 2666 per
391 2577 529 2664 seipsam
551 2581 872 2664 contemplationem
895 2603 965 2646 non
987 2581 1131 2648 invenit.
1178 2586 1407 2672 Theopbaoirr

310 2677 423 2726 autem
448 2657 524 2728 dico
545 2659 724 2726 visibilium
746 2677 780 2726 ct
800 2661 1017 2728 invisrbilium
1040 2664 1183 2751 speclea,
1207 2689 1353 2753 quorum
1370 2683 1427 2762 on}

311 2745 392 2810 dine
414 2761 448 2810 et
467 2743 698 2832 pulcritudine
719 2748 935 2832 cognoscitur
957 2751 1065 2812 Deum
1088 2749 1151 2812 elle
1172 2763 1207 2812 et
1230 2749 1427 2830 iuvenum]

309 2849 381 2895 non
404 2827 487 2916 quid
509 2825 568 2898 est,
592 2827 648 2892 sed
670 2827 748 2915 quia
770 2829 978 2894 solummodo
1005 2829 1251 2918 ell3'quoniam
1266 2833 1341 2921 ipse
1358 2835 1427 2900 Deil

309 2928 430 2978 natura
450 2933 515 2978 uec
537 2908 661 2975 dicitur
681 2933 746 2978 nec
766 2911 988 3000 intelligitur:
1029 2915 1161 3060 superat
1180 2915 1334 3004 uimque
1348 2921 1409 2982 bm

309 3017 389 3060 nem
410 2995 621 3062 intellectum
641 2995 699 3058 lux
720 2995 962 3060 inacceffibilis.
1003 2999 1048 3060 Et
1093 3018 1134 3062 oc
1155 2998 1197 3062 est
1218 3005 1315 3084 quod
1336 3004 1410 3066 Psrl

309 3079 402 3144 milla
425 3077 525 3148 dicit:
582 3082 708 3144 uaerite
730 3081 909 3144 Dominam
932 3094 965 3143 et
985 3081 1240 3174 confirmamini:
1270 3092 1427 3167 quaeritet

300 3159 434 3262 [aciem
456 3167 524 3250 ejus
562 3185 681 3244 emper.
721 3165 766 3225 Et
786 3165 869 3228 baec
893 3163 936 3226 esi
956 3162 1135 3249 spiritualia
1157 3163 1214 3228 illa
1234 3166 1323 3268 vipp·¹
1335 3189 1408 3255 quat

308 3271 347 3310 rn
369 3245 543 3313 infinitum
565 3245 692 3321 tendit,
716 3267 815 3332 quarn
836 3269 939 3332 purae
960 3249 1200 3334 perfectaeque
1215 3250 1355 3332 auique
1370 3253 1427 3314 inv

310 3330 520 3416 grediuntur,
542 3331 728 3393 Dominum
750 3330 845 3396 suum
867 3347 1076 3416 quaerentea.
1113 3333 1197 3394 Nam
1217 3347 1252 3394 et
1273 3333 1427 3420 virtutes}

310 3413 465 3478 coelestes
487 3411 674 3478 Dominum
695 3413 790 3476 suum
813 3414 942 3499 semper
963 3431 1148 3500 quaeruut,
1171 3412 1206 3478 in
1224 3437 1330 3502 quem
1343 3421 1411 3482 sem·

310 3519 371 3581 per
390 3495 579 3581 prospicere
600 3495 859 3580 concupiscunt.
889 3497 960 3594 lpsa
985 3498 1029 3560 ell
1051 3497 1173 3584 caligo,
1198 3499 1239 3562 de
1255 3521 1326 3586 qua
1343 3502 1427 3574 Die¹

241 3619 269 3647 Δ,
309 3579 422 3659 nysrua
443 3579 642 3682 Areqpagita
663 3581 836 3644 Dorotheo
859 3581 1024 3654 scribens,
1056 3581 1120 3645 aitr
1153 3583 1289 3646 Divina
1312 3589 1411 3668 caligo

311 3659 360 3750 ess
383 3663 487 3727 lumen
509 3657 740 3754 inaccrffibile,
762 3659 797 3727 in
817 3687 879 3748 quo
900 3663 1052 3730 debitore
1072 3668 1168 3730 Deus
1188 3666 1329 3734 dicitur.
1371 3674 1409 3735 Et

309 3769 381 3808 cum
408 3747 536 3832 quidem
547 3745 602 3837 stt
623 3744 798 3833 invisibilir
815 3762 954 3830 propter
966 3743 1261 3840 supereminentem
1284 3755 1427 3818 clarite*

309 3843 394 3904 tem,
415 3844 450 3895 et
471 3834 582 3895 inocce
608 3833 697 3897 rbilr'r
718 3845 856 3913 propter
872 3833 1119 3898 exuberantiam
1130 3826 1408 3927 supereffeatialr'r

216 3993 220 4000 .
307 3916 462 3978 trnnirnm
480 3913 548 4006 effu
564 3920 665 3988 tonis,
698 3917 730 3977 in
749 3919 811 3980 boc
820 3913 871 4005 fit
890 3912 994 3983 omnir
1012 3917 1123 3982 Deum
1133 3913 1226 4008 scira
1246 3933 1283 3982 et
1303 3925 1407 3986 uidere

308 3999 447 4082 digmts,
470 4023 567 4084 eoque
587 3999 739 4092 ipsoque
759 4024 859 4084 neque
878 4002 974 4064 videt
992 4005 1285 4086 nequecognoseia,
1310 4010 1346 4070 iu
1364 4007 1407 4071 illo

307 4079 502 4175 verasrrper
520 4081 677 4172 vistorrdm
699 4097 733 4148 et
751 4107 788 4151 eo
840 4087 970 4151 'tionem
980 4078 1103 4175 foetus
1120 4083 1198 4236 ¹cst:
1224 4089 1288 4152 lroc
1313 4087 1407 4182 ipsum

299 4164 429 4258 sciens,
466 4191 535 4232 eum
545 4174 591 4256 ,1η
610 4169 755 4234 omnibus
764 4107 976 4261 strlthilibus
997 4182 1031 4234 et
1053 4173 1121 4236 inte
1146 4169 1320 4254 igthilr'bns
1342 4171 1403 4267 effe.
