3036 4862
17 975 18 1020 3
106 975 144 1018 m
164 952 307 1018 veritate

509 271 617 342 bidei·
637 264 803 354 mentm
1060 259 1063 264 ’
1135 265 1217 340 373

17 487 19 528 ι
106 451 257 522 nuntiet.
299 450 387 552 Quia
416 450 509 552 eiiiiu
536 451 723 520 crediderit
746 453 918 532 diabolum
944 451 987 518 iii·
1002 449 1215 518 beatitudine
1353 459 1356 468 '

105 536 249 626 peradisi
268 535 382 610 iuisse,
405 557 464 622 qui
486 557 565 602 mox
585 551 626 601 ut
645 537 804 604 conditui
823 537 934 625 lapsui
955 536 1018 613 cst,
1042 536 1126 600 ficut
1144 539 1215 600 Do·

17 659 18 692 1
104 621 220 688 minue
241 619 290 684 eit
308 617 345 683 in
369 619 575 708 Evangelio:
596 621 660 686 1110
678 622 844 688 homicida
863 635 937 685 erat
955 620 998 683 ab
1019 621 1116 686 initio
1131 632 1166 682 et
1179 623 1214 684 ire

17 747 18 756 1
104 707 252 770 ueritate
275 723 339 768 nori
355 701 472 796 sterit.
504 705 616 802 Quam
636 705 852 772 Dominicaiu
872 701 1071 792 sententiam
1093 701 1130 767 iii
1151 723 1215 766 un·

17 819 18 864 t
107 786 240 854 decimo
262 785 460 852 Hexacmeri
482 787 533 851 lui
552 786 624 873 ipse
643 788 845 877 Augustinus
867 790 998 875 dequo
1021 801 1212 860 tractamur,

107 868 257 968 ΨΜ·
299 868 1214 1052 ”illls‘iiilt‘itiliiglllztdmdillll:

455 999 465 1029 2

17 1107 18 1112 γ
104 1035 210 1100 vitain
240 1037 296 1100 led
326 1035 461 1124 abipso
483 1037 691 1122 conditionie
716 1039 792 1104 fuae
815 1037 916 1103 initio
940 1035 1110 1102 cecidillet
1139 1055 1212 1099 non

103 1119 149 1184 fic
169 1117 239 1184 acci
266 1115 406 1184 iendum
427 1119 491 1194 est,
512 1135 643 1186 utnon
664 1121 800 1209 propria
820 1121 996 1187 voluntate
1012 1123 1213 1206 depravatae

104 1141 454 1302 [edmaiueabono.
468 1207 541 1268 Deo
563 1220 692 1270 creatur
713 1221 871 1293 putetur;
905 1201 1055 1302 alioquin
1076 1222 1148 1266 non
1170 1201 1213 1298 ab

103 1301 208 1350 initio
238 1285 391 1350 cecidisse
420 1289 598 1352 diceretur.
652 1291 704 1354 Ne
729 1311 771 1353 ue
801 1285 893 1352 enim
914 1285 1039 1352 cecidit
1059 1284 1116 1350 sed
1137 1285 1240 1348 talia·

103 1369 150 1434 eii
171 1367 299 1433 iactuet
321 1367 378 1432 sed
398 1368 507 1434 iactae
528 1312 733 1438 continuol

104 1449 263 1537 superbia
290 1449 441 1516 tumidus
470 1467 504 1518 et
528 1456 685 1543 propriae
702 1453 874 1554 potestatie
897 1449 1122 1519 delectatione
1137 1469 1216 1534 ,cor-

102 1549 244 1631 rupturi
277 1537 370 1600 unde
399 1537 516 1604 beaue
546 1553 580 1602 et
601 1540 772 1626 angelicae
793 1537 882 1602 vitae
904 1533 1119 1601 dulcedinem
1141 1553 1213 1596 nou

155 1615 270 1692 stavit,
301 1639 401 1715 guam
429 1640 500 1684 non
531 1621 650 1710 utique
671 1637 842 1709 acceptam
865 1617 1045 1692 fallidivit,
1076 1616 1133 1682 sed
1153 1635 1215 1680 uo·

120 1703 209 1766 endo
242 1719 312 1764 ecci
339 1723 393 1766 ere
415 1703 560 1768 deseruit
580 1723 614 1770 et
635 1704 751 1770 amifit.
792 1703 941 1768 Proinde
962 1723 1026 1766 nec
1048 1699 1096 1762 sui
1118 1697 1214 1763 casne

102 1781 274 1871 praesciue
339 1807 359 1849 e
378 1785 510 1872 potuit,
540 1788 703 1874 quoniam
722 1785 884 1874 sapientia
906 1783 1042 1872 pictatia
1064 1781 1107 1846 est
1127 1781 1215 1846 fruc
1309 1801 1312 1828 ¹

102 1884 173 1932 tue.
214 1865 274 1930 llle
295 1882 408 1932 autem
427 1868 593 1936 continuo
614 1869 759 1958 impius,
782 1870 1026 1955 consequenter
1046 1881 1080 1930 et
1100 1879 1217 1928 mente

101 1969 227 2018 cuecue
247 1969 319 2016 nou
341 1972 381 2016 ex
405 1971 445 2015 eo
489 1957 560 2020 uod
580 1975 658 2018 acce
685 1969 754 2016 erat
775 1952 916 2025 cecidit,
938 1951 995 2014 sed
1012 1969 1052 2013 ex
1066 1970 1106 2012 eo
1121 1945 1216 2034 quod

101 2031 274 2119 acciperet
293 2034 318 2098 st
338 2032 435 2097 subdi
491 2055 531 2100 eo
554 2035 648 2100 volui
675 2052 718 2100 et.
762 2037 864 2119 Quod
884 2030 1215 2120 profectoquiano·

40 2179 42 2185 ,
99 2115 191 2190 tuit,
213 2129 248 2178 ct
269 2118 310 2180 ab
332 2118 487 2202 eoquod
510 2134 707 2204 accepturus
723 2133 792 2180 erat
807 2114 948 2189 cecidit,
972 2127 1006 2177 et
1019 2113 1216 2199 potestatem

102 2198 198 2264 illiue
217 2197 277 2260 sub
300 2219 368 2283 quo
392 2199 454 2260 eise
474 2201 588 2264 noluit
607 2221 679 2266 noii
701 2201 818 2274 evasit,
840 2199 949 2262 factui
973 2216 1016 2259 ue
1036 2195 1073 2258 in
1094 2193 1154 2258 illo
1171 2191 1217 2256 est

103 2285 259 2370 pondere
287 2279 503 2348 meritorum:
533 2299 573 2348 ut
593 2303 659 2348 nec
678 2281 820 2362 iustitiae
841 2217 1088 2368 poffitlumine
1109 2259 1218 2342 delei:-

103 2361 191 2438 tari,
213 2383 279 2427 nec
299 2365 341 2440 ali
363 2369 434 2444 ejue
455 2363 622 2431 sententia
642 2364 807 2431 liberari.”
838 2369 922 2428 ltein
937 2361 974 2426 iii
997 2359 1104 2460 figura
1148 2357 1217 2422 rin·

29 2507 32 2525 ,
104 2446 194 2533 ciple
215 2446 299 2530 Tyri
319 2469 380 2532 per
399 2448 836 2535 EzechielemProplietam
859 2444 984 2512 dicitur
1005 2466 1047 2510 et.
1081 2489 1103 2520 ‚0
1139 2463 1163 2504 u
1180 2459 1216 2504 ee
1302 2513 1305 2526 Ι

104 2531 314 2617 signaculum
342 2529 589 2608 fiinilitudinia,
625 2547 659 2596 et
689 2552 813 2597 corona
846 2527 1006 2604 decorie,l
1026 2527 1064 2590 in
1087 2521 1219 2590 deliciie

103 2611 248 2700 paradisi
277 2611 343 2678 Dei
372 2611 481 2688 tuitii,
517 2613 612 2680 omni
631 2611 910 2702 lapidepretioso
933 2625 1071 2675 ornatui
1092 2628 1146 2672 eet
1182 2619 1219 2670 et

106 2712 239 2762 caetera
270 2717 357 2782 quae
393 2697 483 2782 quali
502 2701 569 2776 jam
591 2697 678 2761 iacta
700 2713 778 2760 ante
798 2695 931 2759 ruinam
954 2691 1079 2758 diaboli
1099 2689 1221 2753 dicun·

109 2785 197 2844 tur.”
225 2781 270 2840 Et
290 2775 488 2863 quidem-iu
511 2777 626 2842 divina
649 2763 898 2864 diapensatione
914 2789 1009 2840 erant
1021 2775 1120 2845 iacta,
1155 2789 1220 2834 uae

108 2860 148 2926 iu
169 2859 228 2924 illo
248 2861 272 2924 si
293 2879 365 2924 iion
386 2875 517 2934 rueret,
541 2875 636 2924 eraut
656 2859 819 2924 iacienda.
848 2859 953 2922 Porro
975 2857 999 2920 si
1021 2860 1063 2920 de
1083 2793 1220 2919 ditiolo

109 2940 769 3110 'iliilillllliii‘tllzllssill?
789 2939 1078 3087 Ρὶἳῗέιξῖἲέὶωᾟ
1098 2943 1220 3082 {zizi

109 3111 214 3178 modo
237 3112 279 3174 de
301 3049 441 3172 domine
460 3107 672 3194 praedicetur
691 3107 727 3170 in
751 3046 881 3170 deliciis
895 3102 1036 3190 paradisi
1054 3100 1149 3164 iuille
1162 3121 1222 3163 aii·

111 3209 146 3258 te
174 3191 378 3279 peccatum?
410 3193 514 3276 Quod
540 3193 655 3256 sinon
677 3204 849 3277 peccaret,
881 3186 1035 3284 proiecto
1058 3182 1089 3247 ei
1113 3183 1220 3256 fieret,

109 3276 306 3364 praesertim
338 3295 414 3338 cum
447 3276 539 3340 nulla
576 3273 755 3338 auctoritae
778 3286 836 3335 aut
856 3269 975 3334 divina
995 3281 1054 3330 aut
1073 3269 1222 3329 humana
1278 3349 1280 3355 y

113 3359 290 3442 tradiderit
319 3373 484 3456 quantum
511 3354 671 3444 temporie
698 3355 735 3420 in
756 3351 907 3440 paradiso
928 3349 1123 3438 priuequam
1144 3367 1222 3434 pcc·

113 3459 219 3520 caret,
242 3441 387 3508 feliciter
406 3440 502 3504 vixit.
544 3443 589 3504 Et
610 3461 712 3525 quare
731 3441 797 3502 hoc
819 3451 984 3500 taceretur
1007 3433 1030 3496 si
1052 3431 1147 3495 iuiffe
1168 3429 1221 3493 iii·
1290 3452 1294 3459 ·

113 3523 342 3612 telligereturi
364 3527 569 3611 Argumenta
590 3539 703 3587 autem
719 3541 789 3585 non
807 3519 944 3592 desunt,
966 3515 1089 3603 quibua
1102 3532 1222 3600 appro-

114 3607 188 3672 bari
216 3609 322 3696 potest
352 3623 411 3671 aut
439 3604 626 3671 breviffim0
658 3619 717 3670 aut
742 3603 838 3668 nullo
860 3598 1021 3686 temporie
1042 3597 1222 3661 intervallo
1329 3585 1339 3609 ‘

116 3705 196 3754 ante
224 3706 400 3778 peccatum
431 3689 543 3754 stitisse.
592 3691 642 3752 Ex
667 3687 720 3752 hie
748 3686 839 3750 enim
868 3705 953 3831 puae
985 3680 1016 3746 ei
1043 3681 1124 3761 julla
1144 3677 1223 3744 suut

116 3789 196 3838 ante
216 3789 391 3862 peccatum
414 3771 501 3838 nihil
522 3769 646 3856 legitur
668 3769 776 3856 egisse.
806 3771 870 3832 Ver
894 3766 906 3830 i
925 3763 1040 3852 gratia.
1076 3765 1224 3830 Crescite

116 3872 151 3922 et
173 3858 437 3940 multiplicamini
457 3869 492 3920 et
513 3857 648 3936 implete
668 3867 789 3918 terrum
810 3849 971 3915 videlicet
983 3847 1133 3933 paradisi,
1155 3865 1223 3931 quat

115 3941 250 4006 ratione
279 3959 350 4003 riori
371 3939 536 4006 continuo
557 3937 691 4003 felicem
711 3937 841 4021 prolem
862 3933 1034 4031 gigneret,
1063 3931 1086 3993 si
1107 3928 1143 3992 in
1165 3947 1222 4013 pa·

116 4025 226 4092 radiso
248 4023 394 4109 quodam
414 4020 576 4108 temporie
598 4019 704 4107 spatio
718 4034 797 4082 ante
813 4018 974 4080 delictum
988 4012 1164 4086 habitaret,
1187 4022 1248 4086 eta

119 4111 145 4176 fi
166 4105 324 4192 deligito
344 4107 434 4170 vitae
456 4106 615 4192 gustaret,
648 4123 694 4168 ne
715 4099 798 4188 quid
818 4119 916 4164 cortu
942 4095 1037 4162 tibile
1057 4099 1130 4173 ejue
1151 4109 1224 4156 cor·

118 4213 185 4282 pue
216 4203 408 4278 pateretui:
445 4209 548 4276 quare
578 4185 690 4255 divini
717 4199 753 4250 et
780 4180 876 4280 spirit
932 4179 962 4246 ie
990 4171 1225 4263 medicamioie

731 1395 750 1436 e
771 1393 789 1436 a
809 1373 886 1436 luce
905 1369 1056 1434 veritatis
1078 1363 1212 1441 avertit,
1349 1439 1352 1450 Ι
