3036 4862
332 182 417 262 884
658 187 713 260 lle
733 187 914 260 maure
935 183 1109 260 Nnitoce.

333 367 547 460 disciplinam
576 369 635 438 hic
665 391 685 436 a
715 368 887 459 Scriptura
914 369 1063 462 intelligi
1081 393 1143 462 per
1161 371 1356 452 [mentiatur
1392 373 1459 440 led

355 458 500 522 uandam
521 452 745 522 differentiam
766 475 807 520 ex
832 454 1024 543 Scripturae
1044 455 1290 524 consuetudine
1302 455 1457 522 inuenio

348 539 493 606 cientiae
514 555 549 604 et
569 535 844 617 dijudicationis.
866 543 934 606 hoc
954 540 999 604 eil
1021 538 1243 608 discretionis.
1275 542 1362 606 Nam
1383 539 1457 606 dis-

332 645 470 724 cernere
492 621 783 722 disciplinabiliter
803 623 932 688 bonum
956 645 995 722 er
1011 626 1105 689 ‘milo
1126 624 1295 710 perfectae
1311 623 1457 688 habitu·

331 705 863 887 lzt¹zrtltlttltltd⁰¹td
877 707 1457 888 sttt‘t‘t‘tltltllttdttt:

333 873 376 940 lis
396 877 546 938 hnmrms
568 874 638 952 driu
664 893 752 937 reare
773 871 836 937 effe
858 871 1034 960 proprium
1056 873 1159 940 dicite
1194 871 1342 938 Scientra
1362 893 1454 938 vero

316 979 405 1030 ¹non
433 955 560 1043 ubique
591 951 805 1042 disciplinam
829 971 864 1020 et
883 955 1039 1044 peritiam
1059 956 1150 1022 illius
1172 959 1265 1044 quod
1284 953 1455 1042 fignifica-

290 1067 294 1082 ·
332 1056 389 1107 tur
408 1038 560 1114 indicat,
582 1039 639 1104 led
660 1037 761 1104 adid
782 1037 839 1106 cui
860 1037 966 1126 gratia
986 1043 1111 1106 donata
1135 1039 1179 1106 est
1200 1039 1369 1105 affectum.
1403 1041 1454 1104 Ut

332 1145 411 1190 cnm
433 1122 593 1210 scriptum
615 1121 677 1188 ella
714 1141 755 1186 eo
805 1121 877 1187 orit
898 1121 1066 1190 Dominus
1088 1122 1148 1210 qui
1168 1124 1233 1188 lint
1256 1127 1344 1203 ejus,
1378 1123 1454 1188 hoc

333 1208 379 1272 est
398 1207 490 1272 luam
511 1203 653 1294 gratiam
674 1204 722 1270 eia
768 1203 894 1272 onarit.
920 1209 966 1270 Et
986 1210 1028 1272 ad
1048 1207 1166 1272 Mosen
1183 1205 1249 1283 ait,
1271 1205 1351 1294 quia
1369 1227 1453 1293 cog-

333 1293 516 1358 noscebam
537 1303 571 1356 tc
591 1289 691 1375 super
711 1307 839 1354 omnes.
882 1289 945 1356 His
973 1306 1085 1356 antem
1108 1289 1225 1390 quiin
1247 1288 1377 1354 malitia
1400 1312 1453 1364 re·

334 1378 561 1462 dargnnntur,
591 1369 676 1438 dicit
708 1371 767 1458 qui
790 1371 905 1438 omnia
924 1371 1042 1448 novit,
1072 1395 1150 1461 quta
1172 1389 1348 1460 nunquam
1370 1395 1452 1471 cog·

331 1461 514 1556 noscebam
541 1477 622 1556 vos,
655 1459 723 1554 hoc
754 1456 818 1532 est,
854 1478 963 1522 meam
992 1457 1327 1555 gratiamununquam
1346 1459 1452 1554 robus

332 1539 1452 1710 {attitulatilt”titudlutt‘tltttltllftltt

332 1707 493 1773 videlicet
515 1721 549 1771 et
568 1708 679 1780 malo.
710 1705 841 1770 fructm
863 1705 938 1782 ille,
969 1707 1027 1793 qui
1049 1705 1270 1780 caulidicum.
1302 1709 1370 1770 hoc
1392 1707 1450 1782 eii.

246 1829 249 1839 ·
333 1794 535 1858 advocatum
556 1789 652 1854 inum
673 1789 775 1854 babet
797 1789 1003 1876 serpentem
1025 1785 1117 1870 juxta
1138 1793 1226 1854 hanc
1244 1789 1381 1854 forsitan
1399 1811 1451 1854 ra·

333 1874 465 1940 tionem
493 1875 589 1960 'qnod
616 1893 687 1938 non
716 1875 848 1938 nudum
876 1871 1098 1960 proponitur,
1128 1871 1166 1940 id
1195 1872 1239 1936 eil
1261 1871 1451 1941 ostenditur

331 1959 459 2024 malum
481 1954 590 2043 ipsum
613 1954 650 2022 in
673 1953 779 2042 seipso
801 1956 984 2022 secundum
1030 1977 1068 2021 ro
1092 1955 1177 2020 riam
1200 1971 1356 2020 naturam
1379 1977 1450 2020 ma·

334 2039 502 2106 niieilnm.
546 2039 619 2126 lpia
650 2038 741 2104 enim
771 2039 900 2104 malitia
923 1980 1028 2104 susti
1093 2054 1151 2113 et,
1180 2039 1276 2104 nullo
1297 2040 1450 2102 colorata

332 2126 446 2200 bono,
469 2125 602 2212 quoad
625 2121 937 2210 concupiscentiam
962 2121 1053 2186 lnam
1076 2121 1250 2186 seductum
1271 2119 1451 2186 hominem

332 2211 530 2282 attraherem
562 2227 658 2270 nunc
678 2221 791 2270 autem
814 2203 995 2282 commixta
1017 2194 1266 2293 quodammodo
1289 2203 1333 2268 est
1352 2205 1451 2270 mali-

332 2290 400 2355 tiae
423 2290 459 2354 in
505 2288 653 2353 refundo
675 2288 837 2374 liquidem
854 2287 1057 2375 perniciem,
1079 2287 1187 2359 veluti
1222 2289 1372 2352 nendum
1392 2291 1449 2352 do·

332 2373 405 2438 lum
426 2370 439 2435 i
490 2371 560 2436 diae
582 2373 731 2436 occultas
752 2373 898 2446 habene,
921 2387 1035 2456 aperte
1054 2391 1135 2435 vero
1155 2369 1192 2435 in
1200 2310 1448 2436 leductionem

332 2457 502 2554 quandam
522 2451 606 2518 boni
652 2453 832 2518 hantaiam
853 2453 1038 2520 ostendens.
1067 2456 1202 2520 Bonum
1216 2451 1354 2518 uidetur
1370 2475 1449 2518 ara·

330 2559 377 2603 rra
398 2534 558 2602 materiae
577 2478 791 2636 pulcritudot
815 2535 874 2600 led
893 2535 988 2600 radix
1010 2535 1163 2602 omnium
1182 2537 1349 2624 malorum
1371 2537 1447 2619 plri-

330 2619 475 2708 iargyria
496 2617 612 2684 existit.
657 2617 742 2703 Quis
765 2618 899 2690 forfitan
921 2617 958 2682 in
983 2619 1117 2684 foedam
1139 2621 1298 2705 paludem
1320 2617 1448 2686 intem·

330 2702 505 2792 perantiae
525 2705 719 2789 perderetur
741 2700 803 2766 nili
825 2700 1084 2766 delectationem
1104 2705 1233 2768 bonum
1249 2703 1294 2766 ita
1321 2725 1366 2766 ue
1381 2703 1448 2768 exi·

329 2787 438 2854 mium
461 2787 630 2873 quoddam
651 2783 834 2849 aestimaret
855 2783 913 2872 qui
936 2785 996 2848 tali
1016 2783 1173 2850 illecebra
1195 2788 1238 2851 ad
1259 2807 1301 2873 pa
1342 2807 1447 2852 onem

330 2867 517 2936 attractus?
540 2865 701 2932 Similiter
722 2868 849 2932 habent
869 2882 903 2932 et
926 2883 1055 2932 caetera
1075 2884 1235 2956 peccata,
1261 2890 1369 2955 quum
1393 2893 1447 2936 oc·

329 2955 456 3020 cultam
476 2949 661 3039 perniciem
683 2953 826 3025 habent,
847 2949 957 3037 prima
978 2966 1090 3016 tamen
1111 2950 1187 3016 rice
1208 2951 1381 3022 videntur¹
1394 2975 1446 3016 ex·

328 3039 496 3123 petenda,
528 3049 562 3099 et
598 3057 658 3120 per
678 3032 910 3099 seductionem
930 3037 1096 3119 quandam
1118 3035 1447 3101 inconsiderantibus

353 3141 392 3184 ro
413 3121 506 3184 bono
527 3115 746 3182 sollicitanda.
813 3114 952 3182 uoniam
973 3115 1079 3204 igitur
1098 3117 1199 3182 multi
1219 3117 1305 3182 illud
1319 3117 1356 3182 in
1375 3141 1445 3206 qno
1475 3141 1476 3149 ¹

328 3143 444 3268 lenius
466 3201 694 3274 delectantur,
718 3202 847 3263 bonum
867 3197 1039 3278 judicant,
1063 3213 1098 3264 et
1118 3200 1162 3264 est
1184 3199 1444 3286 cognominatio
1474 3239 1475 3243 =

330 3283 519 3358 existentis,
552 3285 619 3346 hoc
647 3281 690 3345 est
710 3281 781 3344 veri
803 3281 885 3348 boni
907 3297 941 3346 et
962 3305 983 3350 a
1005 3282 1153 3368 parentis
1173 3281 1257 3348 boni
1281 3287 1377 3371 quod
1398 3287 1446 3350 vi·

330 3371 430 3434 detur
452 3365 539 3439 elle,
563 3367 644 3428 dum
665 3384 735 3428 non
756 3364 796 3428 stt
817 3367 966 3431 bonum:
981 3307 1088 3444 lmjus
1110 3365 1159 3432 rei
1217 3367 1284 3432 atia
1305 3367 1380 3452 ipsa
1401 3373 1445 3436 ad
1472 3399 1473 3408 2

326 3453 456 3514 malum
482 3445 590 3512 veluti
620 3449 662 3512 ad
691 3449 820 3512 bonnm
853 3447 941 3521 facta
973 3447 1265 3537 concupiscetis,
1300 3451 1445 3518 boniet
1471 3515 1472 3521 ,

189 3539 207 3558 ³
327 3533 409 3598 mali
443 3525 581 3596 scientia
602 3551 621 3594 a
645 3529 816 3627 Scriptura
835 3529 1010 3596 nominata
1034 3532 1092 3607 cll,
1122 3535 1202 3598 dnm
1224 3531 1444 3600 affectionem
1470 3601 1471 3613 p

365 3697 373 3716 0

327 3617 498 3764 puandam
518 3628 554 3678 et
573 3628 828 3679 concretionem
849 3612 1106 3700 interpretatur,
1128 3617 1195 3681 hoc
1216 3616 1260 3680 est
1273 3615 1443 3702 fignificat

343 3696 478 3764 mentia.
530 3697 649 3784 Neque
682 3696 832 3761 absolute
852 3699 1000 3771 malum,
1034 3717 1074 3763 eo
1098 3698 1361 3784 quodvambitnr
1383 3705 1442 3768 bo·

325 3799 645 3940 diffidi&
664 3781 885 3948 illaad
899 3781 1440 3958 rtttllllltgtltffiffiss

325 3946 489 4034 scriptura
519 3945 587 4022 ait,
616 3949 714 4026 cujus
731 3945 874 4032 'gustum
903 3943 988 4009 dixit
1011 3945 1049 4010 in
1081 3964 1226 4014 mortem
1256 3963 1439 4036 tangentes

328 4033 461 4098 ducere.
493 4029 713 4096 Solnmmodo
734 4049 806 4094 non
829 4043 942 4114 aperte
957 4027 1145 4096 doctrinam
1162 4033 1320 4108 clamans,
1343 4039 1438 4131 quod
1464 4043 1466 4112 J

326 4137 464 4192 rerum,
501 4115 594 4200 quod
623 4113 759 4199 fimplex
788 4125 830 4178 et.
845 4110 1014 4180 uniforme
1036 4113 1080 4180 ell
1102 4131 1240 4193 natura,
1272 4113 1465 4206 omniquel
