3038 4832
192 221 241 246 ’“
290 247 389 326 aaa
628 245 1078 322 oenomelum.

310 453 379 524 qne
408 433 531 510 modo,
573 453 642 524 quo
670 431 807 511 finitur,
834 430 1070 512 concluditur:
1108 433 1222 522 aliqua
1252 433 1430 510 mensura,

268 596 272 604 1
310 539 413 622 uuam
438 517 593 604 superare
620 536 693 584 uon
721 517 847 616 potest,
873 519 1033 605 lineatur,
1079 515 1117 582 si
1148 516 1243 583 euim
1262 515 1432 584 infimum

307 623 348 668 ιιι
376 616 497 666 natura
522 622 635 666 rerum
663 599 853 666 obtinuerit
878 603 1018 680 locum,
1051 622 1121 689 quo
1141 600 1258 667 omnia
1279 621 1431 687 corpora
1459 603 1485 616 ““

232 685 234 692 ‘
309 685 547 762 continentur,
581 683 724 749 inseriua
753 699 893 750 naturae
913 687 991 750 suae
1010 686 1201 752 mensuram
1219 706 1291 750 non
1313 683 1432 772 potest

310 771 511 844 extendere,
566 766 624 832 uia
650 765 739 832 nibil
766 766 910 834 inferint
940 767 1001 843 est,
1026 765 1103 835 ¹uec
1130 768 1281 857 superine
1301 766 1432 855 -potesi

309 853 498 919 ascender'e.
539 789 676 916 §initur
698 848 790 916 enim
810 849 848 915 in
868 851 941 939 ipso
962 851 1060 917 vitali
1080 868 1194 929 motu,
1225 873 1294 938 quo
1313 849 1432 916 nutri·

306 949 367 1002 tur
393 951 429 1001 et
455 949 618 1032 augetur5
645 949 747 1021 atque
775 933 855 999 ideo
884 936 973 1000 ultra
993 934 1099 1021 ipsam
1116 957 1189 1002 non
1233 934 1430 1000 revehitur.

310 1019 347 1084 ei
367 1016 509 1084 veroin
529 1015 735 1088 sublimitate
754 1016 931 1084 universae
952 1035 1122 1084 creaturae
1137 1021 1196 1084 sub
1250 1017 1292 1094 ‘t‚
1314 1033 1355 1081 ut
1368 1015 1430 1080 in·

308 1099 511 1168 tellectualie
531 1116 775 1188 cognoscatur,
798 1099 866 1164 suia
886 1099 1013 1166 finibus
1033 1102 1196 1169 coarctari
1217 1101 1347 1168 neeeffe
1365 1099 1427 1164 esi.

307 1187 389 1254 Non
411 1183 504 1250 enim
523 1185 631 1271 potest
651 1185 829 1254 ascendere
849 1182 887 1248 in
909 1183 1062 1250 altiorem
1075 1187 1109 1250 se
1123 1201 1319 1260 creaturam,
1342 1182 1429 1270 quia

309 1268 411 1335 altine
430 1267 491 1334 illo
511 1265 549 1333 in
569 1269 670 1334 rebua
691 1266 811 1332 creatio
831 1266 883 1332 nil
905 1267 1141 1345 essevidetu13
1175 1267 1320 1335 inseriuu
1336 1265 1429 1332 item

308 1374 383 1420 non
409 1351 518 1440 potest
546 1349 676 1417 remitti
695 1364 835 1448 propter
856 1350 1033 1439 sequenter
1056 1351 1090 1415 se
1111 1349 1341 1417 subsistentiae.
1388 1347 1430 1415 Si

233 1507 236 1518 Δ
308 1458 393 1502 vero
420 1435 459 1500 in
487 1433 602 1502 medio
628 1433 809 1500 libramme
827 1435 944 1500 locum
964 1434 1151 1510 obtineret,
1186 1455 1252 1500 nec
1274 1437 1318 1498 ad
1336 1432 1430 1498 inse·

308 1519 400 1588 rioru
430 1519 712 1597 [excludetur.
743 1535 809 1582 nee
838 1519 881 1582 ad
910 1517 1082 1605 superiora
1109 1517 1145 1581 se
1175 1520 1428 1592 extenderetur,

308 1603 369 1670 sed
380 1603 575 1670 naturalem
597 1601 695 1666 suum
714 1598 934 1687 mediumque
954 1599 1126 1666 obtineret
1138 1600 1267 1666 ilatum.
1298 1603 1348 1666 Ac
1361 1622 1430 1686 per

309 1690 378 1753 boe
394 1686 499 1750 nulla
528 1699 679 1751 creatura
709 1683 754 1748 cli
774 1683 841 1748 five
861 1682 1000 1748 visibilia
1018 1685 1088 1750 'sive
1108 1682 1304 1759 invifibilie,
1336 1705 1429 1771 quae

309 1789 383 1835 non
404 1767 495 1832 intra
514 1766 678 1848 terminon
696 1764 854 1853 propriae
873 1782 1014 1832 naturae
1033 1765 1071 1830 in
1093 1766 1206 1852 aliquo
1220 1779 1424 1843 coarctetur,

309 1852 349 1918 in
370 1850 526 1916 mensura
547 1866 581 1914 et
600 1869 744 1914 nurnero
767 1864 801 1913 et
820 1851 982 1934 pondere.
1024 1851 1118 1913 Deus
1139 1864 1252 1914 autem
1272 1848 1428 1926 innnllo

311 1955 430 2001 eorum
449 1931 613 2020 iutelligit
631 1932 666 1997 se
687 1931 768 2010 else,
790 1931 849 1996 sed
870 1931 1047 2019 cognoscit
1067 1933 1101 1996 se
1120 1931 1218 2018 supra
1233 1953 1350 1998 omnes
1365 1953 1429 2001 na·

310 2025 408 2084 turae
438 2014 575 2083 ordines
605 2017 679 2080 elle*
698 2016 777 2080 suae
806 2014 990 2114 sapientiae
1019 2014 1235 2092 excellentia,
1270 2029 1306 2080 et
1333 2014 1428 2080 iufra

234 2160 239 2174 .
312 2099 428 2168 omnia
453 2099 533 2165 suae
559 2097 696 2164 virtutis
719 2098 918 2173 altitudine,
949 2113 984 2162 et
1004 2097 1094 2164 intra
1115 2097 1230 2164 omnia
1249 2098 1327 2162 snae
1346 2118 1427 2198 nro-

309 2180 485 2252 videntiae
501 2180 764 2270 ininvestigabili
783 2180 1051 2268 dispensatione,
1087 2198 1122 2247 et
1143 2179 1258 2250 omnia
1278 2183 1427 2268 ambuc3

311 2266 393 2356 quia
412 2265 451 2330 iu
471 2266 545 2352 ipso
567 2267 646 2330 sunt
666 2265 799 2340 omnia,
822 2283 857 2330 et
878 2280 968 2329 extra
991 2263 1102 2352 ipsum
1122 2263 1211 2330 nibil
1232 2265 1289 2331 est.
1322 2267 1425 2331 Solus

312 2350 407 2416 enim
426 2348 498 2436 ipse
519 2348 564 2413 esi
582 2349 737 2432 mensura
757 2347 827 2412 fine
846 2349 1018 2424 mensura,
1042 2369 1203 2414 numerus
1223 2349 1292 2414 sine
1304 2371 1427 2414 nurne-

309 2454 369 2507 ro,
384 2434 527 2577 ¹pondua
547 2431 617 2496 fine
636 2432 807 2517 pondere;
830 2445 865 2494 et
886 2429 1025 2506 merito,
1049 2432 1128 2518 quia
1148 2453 1167 2498 a
1187 2433 1303 2508 nullo,
1323 2450 1427 2498 neca

310 2515 419 2601 seipo
447 2515 676 2588 mensurant,
707 2528 922 2590 numeratur,
962 2513 1155 2590 ordinatur,
1189 2537 1256 2580 nec
1284 2514 1323 2580 in
1353 2517 1427 2580 nlla

212 2602 213 2610 ’
311 2598 484 2674 mensura,
505 2595 543 2660 in
564 2597 635 2661 ullo
655 2617 817 2671 numero,
840 2596 878 2660 in
899 2598 970 2662 ullo
993 2596 1334 2688 ordineintelligitse
1347 2600 1423 2676 else,

312 2703 427 2770 quum.
439 2679 477 2745 in
497 2681 594 2744 nullo
612 2701 730 2744 eorum
751 2678 1006 2745 substantialiter
1025 2681 1240 2757 continetur,
1274 2703 1353 2748 curu
1374 2682 1426 2748 so-

311 2767 366 2830 lua
385 2785 466 2829 vere
485 2761 524 2828 iu
545 2761 703 2828 omnibua
728 2763 827 2860 supra
859 2763 975 2829 omnia
1002 2763 1159 2830 infinitus
1186 2764 1310 2830 existat.
1351 2767 1426 2832 Nec

311 2845 399 2912 mihi
420 2867 589 2994 opponat,
619 2868 721 2934 quare
743 2845 905 2922 dixerim,
940 2847 1096 2913 ordinem
1119 2867 1300 2934 corporum
1320 2846 1358 2914 in
1378 2850 1425 2914 al·

311 2929 416 2996 tiorea
452 2945 627 2996 enaturaa
650 2927 786 2994 extendi
806 2951 879 2995 non
897 2931 1028 3007 valere,
1056 2952 1135 2996 cum
1155 2933 1330 2996 credamne
1351 2951 1425 3000 om·

312 3013 383 3163 {ll
397 3011 608 3164 t‘llltl
632 3009 1066 3180 &ll‘tffltmlllltlt
1097 3014 1427 3166 tstllszntt
1511 3111 1512 3132 ι

312 3181 445 3246 subant.
486 3181 608 3244 Adhuc
635 3195 749 3243 autern
777 3180 859 3244 dum
886 3199 1027 3277 corpora
1054 3120 1254 3255 [imapum
1279 3179 1425 3246 inseriae
1498 3239 1501 3247 ,

309 3283 379 3332 nec
407 3261 561 3349 superine
591 3261 669 3324 luae
694 3275 835 3326 naturae
863 3275 1026 3328 terminos
1055 3263 1192 3349 possunt
1223 3263 1422 3351 eanagredi.

241 3411 244 3419 ,
309 3349 366 3411 De
386 3367 453 3432 qua
472 3359 569 3430 parte
586 3343 722 3410 Philoso
748 3343 842 3420 biae,
866 3347 947 3410 dum
969 3349 1011 3410 de
1031 3345 1144 3411 reditu
1162 3367 1276 3412 rerum
1293 3345 1330 3412 in
1346 3367 1424 3412 cau·

311 3428 362 3492 saa
383 3423 684 3504 considerabimus,
716 3369 914 3515 ‹iiligentiua
935 3428 1142 3494 tractabitur.
1185 3431 1424 3498 truncantem

312 3513 357 3577 de
378 3532 418 3576 eo
443 3511 536 3598 quod
554 3507 670 3586 instat,
701 3514 769 3576 hoc
789 3511 852 3588 est,
888 3515 981 3599 quod
1000 3516 1093 3578 Deua
1115 3511 1199 3598 quid
1218 3513 1347 3578 sitnon
1367 3511 1425 3579 in-
1511 3569 1512 3598 ,

311 3593 384 3660 telli
411 3593 453 3670 't,
490 3591 696 3658 intueamur.
751 3597 797 3658 Et
835 3609 952 3661 utrum
980 3594 1046 3660 tibi
1072 3593 1248 3682 probabile
1274 3595 1421 3676 videtur,
1511 3609 1512 3670 ἒ

206 3683 209 3688 “
333 3697 380 3743 uo
425 3697 588 3741 conamur
610 3679 652 3742 de
671 3680 740 3741 hoo
758 3679 914 3754 suadere,
935 3698 1007 3744 non
1028 3694 1065 3744 te
1083 3681 1211 3766 pudeat
1230 3679 1338 3744 fateri.
1374 3684 1452 3746 D...

347 3765 455 3826 ehac¹
468 3757 616 3825 mirabili
637 3759 754 3826 divina
773 3760 982 3848 ignorantia,
1026 3783 1071 3826 ua
1091 3767 1185 3828 Deua
1204 3783 1277 3828 uon
1297 3761 1423 3830 intelli-

309 3841 678 3994 ttrltssattt
713 3785 1107 3996 nunilo
1127 3843 1423 3997 aner

311 4011 384 4076 deri
399 3975 533 4076 ’sareon
574 4013 654 4077 Non
684 3975 778 4078 eniiu
804 3953 1067 4082 suader'nemii
1087 4013 1232 4113 seipsum
1251 4011 1419 4101 ignorare,

310 4095 369 4160 sed
400 4093 612 4162 solummodo
640 4094 797 4183 ignorare
823 4094 908 4186 quid
927 4097 984 4176 sit,
1013 4113 1049 4162 et
1068 4113 1211 4174 meretoc
1244 4097 1418 4188 quianon
1511 4091 1512 4180 i

311 4177 356 4244 est
387 4177 489 4268 quid,
519 4177 676 4248 infinim
704 4177 836 4269 quippe,
863 4179 925 4260 eb,
959 4197 995 4250 et
1014 4179 1075 4250 stbi
1094 4181 1173 4271 ipsi,
1202 4195 1239 4250 ct
1257 4181 1417 4250 omnibu·
1511 4191 1512 4202 ¹
