2952 4824
280 251 342 328 re
474 207 479 214 ’
620 202 1071 329 remanum.

279 441 355 542 ipio
371 437 575 528 intelligitur
596 443 689 528 quod
709 439 782 530 iple
799 461 871 508 non
896 441 958 520 eil,
980 455 1040 505 aut
1058 439 1084 504 sa
1100 437 1277 588 qplilppiam
1294 438 1327 503 ei
1343 459 1397 504 ac·

281 525 384 601 cadit,
406 525 560 610 profecto
581 547 693 614 neque
713 525 870 593 infinitus
892 526 956 601 elt,
977 539 1092 611 neque
1170 547 1193 610 p
1226 543 1265 598 xa
1301 525 1398 609 quod

281 610 366 674 fides
387 608 569 688 catholica,
591 631 737 698 veraque
757 609 844 676 ratio
866 605 1047 674 finniffime
1069 609 1223 694 denegat.
1257 608 1398 670 Fatetur

282 691 375 757 enim
396 695 508 756 Deum
526 692 701 758 inlinitum
724 695 805 768 effe,
838 709 872 758 et
893 695 1070 780 plusquam
1091 689 1285 766 infinitum
1319 690 1397 754 infi-

281 775 369 842 nitae
400 774 490 840 enim
521 772 736 842 infinitorum
766 779 825 842 eil:
861 793 895 840 ct
926 775 1126 863 simplicem,
1159 790 1194 838 et
1212 777 1396 860 plusquam

280 859 481 947 fimplicem,
513 861 666 926 omnium
697 861 788 926 enim
813 861 870 926 sam
896 859 1015 925 licium
1037 857 1307 945 fimplicitaa'eil.
1350 860 1396 920 Et

281 965 361 1012 oum
381 943 459 1029 ¹ipio
486 943 667 1009 ‹nihileffe
695 944 804 1010 credit
830 885 1090 1034 veiinteiligitr
1145 961 1228 1006 uum
1256 939 1328 1028 ipie
1351 941 1396 1004 eil

133 1038 169 1118 3,
281 1026 428 1094 ambitae
450 1028 605 1092 omnium
626 1030 829 1116 quaesunt,
864 1041 899 1092 et
920 1047 1007 1114 quae
1027 1046 1099 1090 non
1121 965 1217 1101 iant,
1252 1039 1287 1088 et
1307 1043 1395 1112 quae

281 1109 345 1176 elle
373 1109 530 1196 poliunt,
564 1127 598 1176 et
620 1135 706 1200 quae
728 1115 881 1177 ellenon
904 1111 1063 1196 pollunt3
1095 1124 1130 1174 et
1173 1127 1236 1172 uae
1259 1107 1290 1172 ei
1312 1129 1396 1172 con·

280 1193 383 1258 traria
407 1194 464 1258 feu
492 1196 642 1282 oppdfita
666 1195 828 1261 videntur
860 1196 941 1269 elle,
975 1208 1015 1256 ut
1042 1213 1114 1260 non
1181 1213 1254 1256 cam
1274 1190 1394 1256 fimilia

282 1293 317 1342 et
338 1275 514 1342 diffimilia.
557 1280 612 1342 Est
634 1279 726 1344 enirn
746 1279 818 1367 iple
838 1277 995 1343 srmilium
1017 1275 1221 1350 fimilitudo,
1250 1289 1285 1338 et
1308 1273 1395 1340 diffi-

279 1359 440 1426 militudo
469 1359 695 1438 diffimffinm,
724 1383 768 1450 op
795 1363 1020 1447 ofitorumque
1043 1359 1224 1458 oppositio,
1258 1373 1292 1422 et
1313 1379 1394 1423 con·

282 1445 461 1510 trariorum
493 1446 722 1511 contrarietas.
765 1387 858 1510 ilaec
885 1443 977 1508 enim
1004 1463 1119 1510 omma
1139 1445 1258 1532 pulcra
1277 1440 1396 1506 ineffa·
1466 1515 1467 1522 χ

279 1528 411 1626 bilique
440 1528 615 1594 harmonia
643 1529 681 1593 in
704 1551 773 1594 una
795 1528 977 1596 concordia
998 1526 1145 1613 colligit,
1182 1541 1284 1614 atque
1304 1545 1395 1590 com-

277 1628 389 1698 ponat.
431 1613 517 1676 Nam
546 1635 632 1700 quae
662 1612 698 1676 in
730 1613 882 1700 partibus
903 1609 1128 1675 univerlitatia
1150 1609 1301 1696 oppolita
1322 1607 1396 1672 libi·

190 1771 193 1780 ,
279 1711 352 1760 met
378 1693 540 1759 videntur
568 1711 668 1784 atque
698 1695 882 1769 contraria,
916 1710 950 1759 et
981 1695 1053 1758 ale
1074 1692 1223 1758 invicem
1246 1691 1393 1766 dillona;

278 1775 316 1842 in
337 1775 577 1864 generalissima
590 1777 700 1864 -ipfiue
722 1776 945 1844 universitatis
966 1777 1161 1850 harmonia,
1192 1792 1226 1839 et
1247 1775 1396 1840 confide·
1422 1857 1424 1862 ,

251 1913 256 1920 .
278 1876 396 1924 rantur
417 1861 683 1937 convenientias
697 1863 911 1947 consonaque
934 1861 1021 1923 lunt.
1064 1862 1112 1922 M.
1143 1863 1249 1922 Recte
1268 1855 1396 1921 intelli·

144 2005 148 2012 .
279 1943 350 2030 gia,
382 1944 515 2008 envide
538 1945 582 2008 n'e
604 1943 687 2030 quid
710 1949 752 2009 de
773 1945 825 2008 hie
848 1959 933 2029 quae
952 1961 1047 2005 nunc
1069 1940 1220 2016 dederis,
1258 1943 1299 2004 de
1322 1961 1396 2005 cae-

278 2040 351 2092 tero
383 2043 415 2090 te
444 2026 566 2092 dedille
593 2027 779 2112 poeniteat.
824 2031 867 2090 D.
898 2027 1094 2111 ingredere,
1131 2023 1251 2110 quovis
1273 2024 1396 2088 ordine

267 2107 313 2174 'te
342 2109 473 2195 sequar,
504 2127 539 2174 et
559 2115 790 2198 quodcunque
809 2113 875 2190 iam
897 2108 1103 2182 concellum,
1138 2129 1208 2172 non
1229 2122 1393 2192 repetam.

276 2195 325 2258 M.
348 2197 441 2257 Deua
463 2211 542 2280 ergo
566 2215 639 2259 non
661 2209 731 2258 erat
743 2193 939 2280 priusquam
953 2189 1066 2254 omnia
1082 2191 1233 2254 faceret?
1256 2194 1298 2253 D.
1311 2192 1392 2254 Non

278 2292 359 2340 erat.
403 2276 438 2341 Si
468 2277 560 2339 enim
582 2279 677 2352 eliet,
708 2278 817 2341 iacere
840 2275 871 2338 ei
894 2273 1007 2340 omnia
1030 2273 1206 2338 accideret.
1249 2275 1294 2336 Et
1314 2273 1339 2336 fi
1360 2273 1393 2337 ei

277 2359 445 2424 accideret
465 2357 579 2422 omnia
599 2361 732 2432 iacere;
754 2373 868 2422 motae
890 2373 924 2420 et
946 2371 1079 2442 tempus
1093 2356 1137 2438 ,in
1160 2377 1200 2421 eo
1225 2354 1335 2420 intelli
1381 2393 1393 2406 ·

275 2457 379 2506 retur.
421 2441 577 2504 Moveret
597 2441 688 2506 enim
710 2441 743 2504 se
764 2444 805 2504 ad
827 2461 866 2502 ea
887 2438 1149 2526 faciendaquae
1168 2445 1235 2520 jam
1256 2461 1328 2504 non
1337 2379 1392 2503 ie·

276 2539 387 2596 cerat,
411 2537 630 2608 temporeque
650 2527 866 2608 praecederet
887 2521 1055 2588 actionem
1077 2525 1187 2598 suam,
1219 2545 1305 2609 quae
1324 2544 1393 2588 nec

152 2645 157 2658 ·
276 2607 336 2670 fibi
364 2604 585 2670 coellentialie
614 2622 702 2682 erat,
735 2628 800 2670 nec
829 2619 1017 2670 coaeterna.
1079 2607 1129 2671 M.
1160 2609 1392 2671 Coaeternum

275 2689 445 2837 {trial
463 2687 1391 2837 {³‘Muta532⁶‘r.5l.t⁶ttt³²l.l.¹t¹3:53⁹

342 2796 364 2836 n
487 2817 493 2833 ι
578 2814 586 2831 ⁸
1024 2817 1034 2846 ῃ
1356 2795 1389 2836 a·
1466 2803 1467 2812 ¹

275 2873 371 2929 cere,
394 2859 428 2918 h.
441 2793 479 2918 ge.
503 2855 561 2918 lua
575 2855 676 2928 actio,
700 2877 742 2919 an
755 2793 864 2919 gnum
878 2855 1015 2941 simplex
1028 2871 1128 2942 atque
1141 2855 1388 2920 individuum?

237 2995 239 3008 .
274 2942 317 3002 D.
348 2941 461 3002 Unum
491 2937 554 3001 elle
580 2937 693 3002 video.
737 2941 831 3002 Deua
862 2938 954 3002 enim
986 2959 1166 3004 numerum
1194 2939 1231 3002 in
1259 2940 1294 3002 ie
1314 2959 1388 3004 non

188 3021 191 3028 '
237 3016 241 3081 Ι
272 3019 412 3107 recipit,
443 3041 549 3106 quum
576 3023 665 3087 solua
694 3020 952 3086 innumerabilia
981 3021 1043 3096 est,
1082 3035 1116 3085 et
1136 3043 1297 3086 numerus
1318 3023 1389 3086 line

107 3107 110 3122 '
237 3129 240 3161 :
273 3123 435 3178 numero,
469 3105 503 3166 et
534 3106 632 3190 [upra
660 3125 796 3169 omnem
821 3125 1002 3168 numerum
1029 3105 1126 3169 caula
1147 3103 1301 3170 omnium
1322 3127 1387 3170 nu·

272 3209 453 3252 merorum.
496 3190 544 3250 M.
576 3191 653 3252 Non
685 3209 763 3275 ergo
787 3186 879 3251 aliud
898 3187 941 3250 est
960 3189 1035 3251 Deo
1046 3189 1137 3264 effe,
1167 3203 1203 3252 et
1224 3189 1317 3252 aliud
1338 3190 1386 3253 fa·

273 3291 367 3344 cere,
404 3271 461 3335 led
493 3269 525 3334 ei
556 3271 618 3334 elle
647 3268 684 3334 id
711 3271 822 3356 ipsum
844 3269 888 3334 est
909 3285 944 3333 et
963 3269 1083 3334 facere.
1126 3275 1169 3334 D.
1192 3271 1285 3335 Huic
1304 3292 1387 3336 con·
1466 3311 1467 3314 =

272 3350 414 3416 clulioni
433 3350 574 3417 reiillere
595 3373 667 3417 non
689 3355 808 3418 audeo.
841 3355 888 3416 M.
906 3354 994 3418 Cum
1010 3373 1090 3441 ergo
1103 3353 1259 3418 audimus
1272 3359 1386 3420 Deum

273 3433 388 3501 omnia
409 3435 534 3510 iacere,
557 3434 608 3500 nil
629 3432 722 3500 aliud
746 3439 906 3501 debemur
922 3435 1130 3523 intelligere,
1153 3458 1254 3523 quam
1269 3441 1385 3504 Deum

271 3517 308 3582 in
339 3517 497 3584 omnibus
527 3519 607 3595 effe,
641 3522 708 3583 hoc
736 3520 797 3596 eil,
834 3519 1004 3584 ellentiam
1025 3517 1180 3584 omnium
1202 3521 1382 3588 rubfistere.

32 3643 35 3650 ,
150 3667 155 3672 ,
270 3602 345 3700 lpse
373 3601 466 3665 enim
493 3601 582 3666 solua
607 3602 830 3702 persevera
853 3602 914 3676 est,
950 3617 985 3666 et
1006 3622 1107 3668 omne
1151 3607 1324 3690 uod-vere
1344 3603 1384 3670 in

268 3687 322 3748 bra
344 3705 431 3771 quae
451 3685 530 3750 lunt
549 3684 674 3750 diortur
695 3687 775 3785 elle,
797 3684 869 3772 ipse
890 3683 978 3750 solua
999 3686 1068 3770 est„
1095 3687 1143 3750 Νι
1165 3686 1191 3750 il
1214 3685 1306 3752 enlm
1328 3709 1384 3753 eo

268 3786 345 3916 ΞΕ
365 3769 582 3942 Maste
596 3769 842 3942 illidii
857 3768 1383 3940 {Statinillssttttdt

269 3934 329 4022 qui
358 3935 448 4000 solue
473 3933 706 4024 pet1seiplum
734 3937 794 4013 eit,
824 3935 958 4022 accipit.
1000 3939 1044 4000 D.
1075 3937 1148 4002 Nec
1168 3939 1235 4002 h'oc
1255 3955 1384 4025 negare

268 4018 382 4084 velim.
428 4021 478 4083 M.
510 4020 757 4110 Videtnuergo
801 4021 1064 4086 uemadmoduiu
1083 4033 1162 4086 vera
1182 4020 1270 4086 ratio
1291 4034 1382 4088 eate-

268 4103 397 4251 {inim
417 4093 566 4172 radendi
587 4109 629 4171 e'x
647 4121 767 4172 natura
811 4103 905 4169 itinn
925 4103 1063 4204 penitus
1082 4105 1248 4256 segregat,
1268 4121 1381 4170 muta·

305 4187 461 4276 libusque
488 4211 528 4258 ac
558 4179 818 4280 temporalibus,
847 4188 1087 4277 princrpioque
1114 4209 1153 4255 ac
1196 4203 1378 4257 'necarere

430 4384 585 4544 ,⁸p'
