2952 4824
189 295 192 302 .
238 313 246 334 ,
290 242 369 313 soo
472 347 473 352 Ν
630 181 685 310 iia
704 239 889 314 neeman
908 231 1113 313 tinen·

293 419 387 493 nitus
408 439 647 513 cognosceret:
663 440 713 493 ,et
733 425 776 492 ad
796 426 874 492 luae
896 424 1071 516 dignitatis
1091 423 1269 513 prillinum
1289 423 1413 492 ilatum

318 511 519 588 uenitendo,
552 510 740 597 superbiam
765 531 809 575 ue
831 512 924 576 itiam
945 511 1168 598 deponendo,
1206 508 1413 597 divinaeque

291 535 384 682 leges
406 615 487 681 quas
509 596 724 680 transgressus
743 533 856 658 iuerat
875 593 1070 692 implendo,
1094 594 1204 659 redire
1217 593 1411 690 postularet.

252 675 257 689 “
291 681 372 744 Non
402 677 494 742 enim
522 679 730 743 credendum
758 677 818 752 est,
861 676 1097 742 diviniffiinam
1125 676 1312 742 conditoris
1347 679 1415 741 cle·

267 791 269 796 ·
290 760 456 828 mentiam
501 775 674 826 eeceutern
695 759 870 825 hominem
891 761 929 824 in
946 764 1039 826 huuc
1054 764 1221 826 mundum
1237 759 1413 835 retrusiffe,

293 845 384 994 quali
404 783 549 942 quadam
569 843 808 944 indignatione
831 859 1054 919 commotam,
1087 859 1146 908 aut
1166 847 1314 990 quodam
1334 841 1413 906 vin·

317 927 431 993 icaridi
458 941 556 992 motu
584 931 767 1016 cupidam,
800 925 866 1006 (his
889 927 981 992 enim
1005 925 1173 1000 accidenti
1198 949 1237 990 ue
1260 923 1416 991 divinam

292 1010 482 1077 bonitatem
512 1031 624 1074 carere
652 1033 733 1076 vera
761 1008 849 1074 ratio
879 1009 1026 1084 indicat)
1060 1011 1117 1075 led
1137 1012 1240 1074 modo
1263 1011 1415 1095 quodam

292 1092 475 1159 ineffabilis
510 1092 685 1159 doctrinae
704 1092 1119 1180 incomprehensibilisque
1139 1091 1413 1157 misericordiae:

292 1192 333 1242 ut
354 1179 458 1242 homo
481 1175 625 1263 quilibet
649 1176 837 1243 voluntatis
859 1176 996 1243 arbitrio
1017 1177 1055 1240 in
1077 1177 1156 1241 luae
1175 1191 1315 1240 naturae
1339 1174 1413 1272 dig·

292 1259 402 1325 nitate
431 1259 465 1324 le
492 1259 656 1325 custodire
688 1263 863 1338 noluerat,
899 1257 1086 1333 conditoris
1108 1258 1159 1324 sui
1180 1257 1327 1346 gratiam·
1341 1259 1413 1322 luis
1474 1301 1475 1320 t

52 1353 72 1370 ’·
184 1387 189 1394 -
291 1340 415 1430 poenit
439 1341 590 1408 eruditur
613 1359 806 1432 quaeseret3
841 1361 875 1410 et
894 1365 956 1431 per
978 1365 1052 1408 eam
1074 1341 1200 1408 divinis
1220 1340 1413 1428 praeceptis

294 1423 479 1501 obediens,
513 1447 599 1512 quae
627 1427 722 1515 prius
750 1427 975 1514 superbiendo
1003 1429 1214 1513 neglexerat,
1251 1425 1414 1488 adinum

292 1507 470 1596 pristinum
498 1508 618 1574 statum
653 1528 772 1575 cautus
802 1528 836 1575 et
861 1509 1047 1598 providus,
1079 1509 1236 1596 pristinae
1257 1509 1336 1571 suae
1355 1529 1416 1570 ne-

295 1590 480 1680 gligentiae
501 1591 704 1680 superbique
727 1593 820 1658 calui
840 1591 980 1659 humilis
1002 1607 1102 1679 atque
1123 1612 1253 1657 memor
1265 1588 1413 1654 rediret:

295 1679 388 1739 unde
410 1673 535 1738 iterum
555 1699 616 1762 per
639 1676 780 1764 gratiam
801 1694 836 1742 et
854 1677 962 1741 libero
982 1677 1060 1742 luae
1072 1673 1259 1741 voluntatis
1272 1671 1414 1738 arbitrio

294 1756 460 1822 custodito
480 1778 553 1822 nou
575 1763 731 1835 caderet,
753 1779 819 1823 neo
840 1763 959 1825 cadere
979 1761 1083 1824 vellet
1105 1781 1170 1823 nec
1189 1757 1306 1843 pollet.
1345 1757 1415 1820 Sed

164 1917 172 1926 ι
253 1891 255 1896 .
294 1843 470 1904 redeamus
492 1839 530 1904 in
552 1842 794 1908 adunationem
815 1860 1011 1907 naturarum
1032 1843 1069 1907 in
1089 1841 1230 1906 Christo.
1258 1840 1413 1914 Deinde,

293 1919 409 2009 inquit
434 1921 627 2008 praedictus
660 1925 833 2012 Magister,
866 1947 927 2010 per
953 1921 1204 2019 affumptioneni
1224 1926 1260 1988 in
1278 1925 1413 1994 eoelum,

296 1998 453 2097 prefecto
475 2007 598 2074 eoelum
618 2009 812 2103 vivificavit
833 2023 867 2074 et
887 2023 1030 2084 terram,
1057 2022 1091 2072 et
1112 2031 1182 2070 cum
1203 2019 1331 2070 terreno
1350 2010 1440 2072 hoe·

295 2111 354 2154 eor
378 2110 434 2154 ore
462 2091 557 2156 nohis
585 2093 810 2164 connaturali,
844 2095 878 2156 in
889 2085 1103 2182 spiritualem
1115 2085 1342 2186 substantiam
1360 2093 1413 2154 vi·

177 2250 178 2259 χ
294 2111 417 2237 dolien
443 2186 590 2250 mutato,
618 2177 750 2239 rediens
776 2177 810 2236 itt
846 2177 985 2250 coelum,
1015 2198 1112 2240 unam
1133 2172 1326 2264 existentem
1346 2197 1414 2238 oist-

293 2248 567 2400 millenfibaem
591 2261 744 2321 itatismm
765 2263 855 2322 mani
877 2257 1017 2352 estante:
1051 2259 1171 2321 deinde
1181 2253 1359 2351 senflbiliu
1381 2270 1415 2322 et

294 2344 364 2404 inte
389 2341 520 2419 igibilio
548 2340 740 2430 eonstitnit3
769 2363 827 2406 con
847 2357 998 2426 eqitenter
1025 2364 1085 2425 per
1111 2363 1221 2406 omnes
1241 2339 1410 2430 coelestes,

295 2425 511 2508 divinosque,
533 2427 770 2488 intellectuales
789 2427 921 2489 ordines
942 2429 1128 2501 transiens,
1151 2449 1221 2488 cum
1244 2429 1357 2488 anima
1379 2439 1416 2489 et

294 2523 447 2585 corpore,
469 2508 531 2569 ltoe
551 2505 617 2594 est,
636 2503 793 2597 perfecta
812 2507 927 2596 ntistra
945 2523 1082 2583 natura,
1102 2509 1284 2585 adunavit3
1304 2513 1413 2574 totius

296 2599 468 2651 creaturae
476 2581 660 2676 seeundum
678 2587 986 2683 principaliffimam
1009 2595 1077 2657 e'us
1097 2597 1256 2659 rationem
1276 2615 1411 2658 concur·

284 2671 380 2762 sum,
416 2675 451 2736 in
468 2673 513 2762 fi
540 2667 613 2764 ipso
645 2667 798 2765 perfecte
828 2617 1077 2770 inseparabilem
1098 2690 1198 2762 atque
1219 2677 1415 2742 immobilem

296 2752 490 2845 ostenderas
519 2770 553 2820 et
565 2757 651 2848 fietis
672 2761 707 2821 in
729 2760 875 2824 omnibus
893 2763 946 2824 liis
984 2761 1137 2824 ecitiidum
1158 2762 1414 2842 intelligentiam

294 2841 530 2911 humanitatis,
550 2843 611 2905 lene
635 2839 699 2932 est,
713 2837 895 2934 secundnm
916 2847 952 2926 ip
969 2847 1022 2908 lim
1041 2848 1287 2916 humanitatem,
1316 2845 1415 2926 opud

229 2923 232 2934 '
294 2919 400 3016 ipsum
419 2919 474 3012 fit
502 2923 614 2988 Deum
640 2947 808 3005 apparens
840 2928 1034 3010 pronubis:
1053 2925 1148 3016 ficut
1157 2923 1325 3020 seriptum
1347 2928 1411 3018 est,

293 3006 405 3071 vultui
431 3006 506 3070 Dei
536 3020 571 3070 et
601 3011 734 3085 Patris,
766 3025 922 3094 qitantitm
940 3015 1051 3083 homo,
1084 3015 1143 3096 qui
1162 3033 1323 3092 nunqnam
1343 3015 1413 3078 ullo

294 3089 392 3154 modo
426 3113 449 3152 α
474 3103 574 3170 patre
598 3105 756 3176 qnantum
773 3096 925 3169 verbum,
954 3092 1064 3183 potest
1083 3097 1248 3174 recedet-03
1277 3117 1320 3156 ac
1338 3101 1412 3178 pri-

293 3195 380 3238 mum
410 3195 469 3237 nos
498 3175 663 3240 adunavit
690 3175 849 3242 nobismet
877 3181 911 3241 in
922 3169 1002 3272 seip
1020 3201 1039 3242 o
1058 3199 1121 3258 per
1141 3180 1340 3243 oblationem
1354 3174 1413 3281 se·

293 3257 433 3320 eundum
459 3259 633 3322 masculum
664 3273 698 3322 et
700 3255 903 3405 ⁸[ominum
929 3263 966 3326 di
997 3265 1155 3336 essentiae,
1188 3275 1222 3324 et
1241 3268 1412 3343 provisis

294 3352 330 3404 et
350 3345 412 3420 pro
432 3339 636 3415 mulieribus,
656 3345 713 3426 (μα’
733 3365 771 3407 iss
792 3343 965 3437 divifionis
986 3349 1128 3410 maxime
1149 3338 1206 3439 ins
1224 3348 1325 3408 icitur
1342 3371 1412 3413 mo·

294 3423 378 3486 dus:
397 3424 542 3486 homines
556 3421 761 3512 solummodo
780 3432 975 3514 proprieque
994 3451 1131 3513 vereque
1153 3371 1300 3520 osiindit
1319 3453 1413 3494 niun·

295 3507 373 3569 clam
398 3499 553 3596 ferentes
576 3512 750 3590 imaginem
771 3533 867 3594 quam
886 3514 975 3577 nullo
995 3514 1091 3578 modo
1112 3516 1332 3594 corruptionis
1352 3538 1412 3580 no-

293 3591 422 3652 tamina
451 3601 601 3671 tangunt.
645 3590 791 3658 Videsne
847 3611 989 3659 uantum
1013 3609 1126 3680 aperte
1148 3595 1329 3661 denuntiat
1348 3599 1413 3663 ho·

292 3671 422 3770 minem
442 3673 484 3769 qd
504 3673 687 3761 imaginem
710 3677 834 3741 et'fimi
852 3678 1017 3743 ’tudinem
1032 3677 1097 3743 Dei
1114 3679 1291 3744 conditum
1309 3680 1418 3746 sexus·

295 3753 485 3820 differentia
506 3757 647 3823 omnino
670 3757 824 3836 caruitre,
847 3776 881 3826 et
901 3765 1012 3826 adhuc
1033 3778 1198 3850 quintum
1218 3761 1255 3826 iii
1269 3760 1410 3830 coima-

293 3859 338 3986 ἐς)
356 3854 408 3936 ,ει
434 3837 616 3908 similitudo
646 3841 834 3908 conditoris
860 3860 1036 3931 permanet
1070 3867 1200 3923 carere;
1231 3844 1414 3935 ipsamque

228 3943 234 3950 ·
318 3922 492 3987 ivilionem
512 3941 650 4013 propter
668 3941 847 4012 peccatum
867 3928 1054 3998 fecundum
1081 3951 1203 4017 corpus
1224 3930 1413 3998 solummo-

294 4007 339 4102 do
368 4003 542 4103 aquidiffe:
573 4010 899 4097 quamquametiim
927 4013 965 4078 iu
990 4013 1102 4078 anima
1122 4011 1285 4100 spiritales
1307 4015 1411 4081 suus

292 4091 402 4152 antelli
452 4103 548 4168 ntur,
590 4091 671 4164 νοῦς
707 4092 871 4181 siquidem
904 4095 1097 4164 intellectui
1126 4095 1235 4162 veluti
1263 4096 1411 4184 quidem

291 4191 407 4238 maecu
421 4189 460 4239 ut
480 4171 520 4240 lu
541 4173 652 4245 anima
673 4174 734 4254 est,
756 4171 915 4268 dte-ineis
933 4201 1033 4262 vero,
1054 4179 1091 4247 id
1112 4179 1173 4257 est,
1195 4179 1320 4256 seusun
1342 4201 1408 4247 ve·
