2952 4824
288 241 355 323 84'
625 241 680 316 sle
699 235 1075 317 namneticam.

258 439 260 444 “
291 407 399 510 uerit,
434 423 482 494 stu
509 441 550 494 ut
578 425 675 494 nullo
703 423 808 494 modo
835 427 876 494 ab
907 445 949 494 eo
977 425 1246 494 ullu‘occafione
1274 423 1409 492 moveri

291 513 408 608 possit,
438 512 497 578 sed
523 512 653 600 semper
674 511 788 577 animo
810 513 1003 587 adhaereat,
1036 525 1205 576 utunum
1226 507 1411 596 idipsum·

291 621 360 750 pue
389 595 421 662 ei
441 591 595 670 videtur,
625 594 761 660 habitus
783 593 919 661 dicitur.
964 597 1012 660 Ac
1030 615 1093 680 per
1112 597 1179 660 hoc
1200 593 1312 664 omniu
1334 611 1413 678 per·

308 670 381 749 ecti
401 680 511 746 virtue
531 678 646 744 animo
666 676 934 766 inseparabiliter
955 679 1155 760 adhaerens,
1178 698 1257 741 vere
1279 693 1317 741 ac
1333 696 1413 762 pro·

201 789 205 804 ·
315 767 366 832 rie
395 756 531 828 habitus
562 761 767 849 appellatum
798 760 942 853 proinde
962 759 1000 826 iu
1023 761 1240 850 corporibus,
1273 759 1309 823 in
1335 757 1412 845 qui-

290 791 355 916 bus
383 846 433 912 nil
464 844 579 911 stabile
605 845 669 910 else
689 843 845 922 videtur,
881 859 940 909 aut
960 843 1017 908 vix
1039 859 1099 908 aut
1118 857 1293 930 nunquam
1315 841 1414 906 habi·

291 949 346 999 tue
368 928 512 1018 'proprie
540 926 727 994 invenitur.
770 929 874 1014 Quod
897 926 989 994 enim
1010 928 1139 1015 semper
1158 947 1230 992 non
1252 927 1412 1000 habetur,

291 1013 445 1108 quamvis
470 1014 513 1077 ad
534 1025 674 1099 tempus·
688 1010 806 1078 haberi
825 1011 1000 1086 videatur,
1036 1011 1170 1076 abufire
1190 1007 1327 1075 habitae
1347 1027 1413 1074 no·

289 1097 449 1167 minatur.
469 1157 475 1168 ,
493 1095 535 1162 u:
558 1097 681 1164 'l'ende
703 1098 745 1161 ad
767 1111 912 1172 caetera,
944 1098 1011 1160 hoc
1032 1093 1124 1161 enim
1146 1092 1325 1160 verisimile
1346 1093 1414 1156 esse

288 1182 404 1252 nullus
428 1183 515 1246 dene
539 1193 583 1245 rt.
786 1242 789 1250 ,
1267 1180 1270 1188 ’

194 1267 196 1274 ’
343 1283 372 1354 ¹tt
389 1281 402 1356 J
434 1265 482 1328 M.
511 1198 625 1328 iocur
658 1255 826 1350 sequitur,
862 1258 920 1349 qui
952 1273 992 1324 ut
1018 1261 1126 1360 paulo
1148 1273 1228 1328 ante
1247 1257 1414 1335 diximus,

289 1347 326 1415 in
355 1349 356 1357 ’
383 1344 616 1414 efinitionib'u'e
644 1362 757 1409 rerum
785 1363 872 1432 quae
893 1343 1027 1410 definiri
1049 1346 1206 1492 possunt,
1238 1341 1415 1409 constitui·

290 1447 358 1500 tur.
381 1446 383 1454 ’
402 1429 460 1497 Nil
485 1429 577 1496 enim
599 1426 692 1494 aliud
713 1428 758 1493 est
778 1432 890 1492 Locus
911 1427 974 1492 nifi
996 1447 1047 1492 am
1074 1427 1161 1502 itur,
1191 1447 1264 1514 ¹quo
1285 1444 1413 1490 unum-

218 1569 224 1578 .
289 1517 450 1606 quodque
485 1511 585 1578 certia
614 1509 768 1579 terminia
789 1510 1028 1578 concluditur.
1085 1515 1255 1576 Locorum
1293 1524 1413 1574 autem

289 1601 417 1668 multae
446 1596 571 1684 speciei
594 1595 709 1672 sunt}¹
724 1609 776 1659 tot
798 1587 889 1659 enim
908 1596 984 1659 loca
1005 1595 1101 1668 sunt,
1140 1609 1224 1681 quot
1245 1614 1297 1658 rea
1323 1613 1415 1678 quae

289 1679 520 1750 circumscribi
552 1679 709 1766 possunt,
746 1679 814 1742 srve
841 1679 1048 1764 corporales,
1080 1679 1148 1742 five
1181 1675 1416 1763 incorporalee

290 1767 370 1834 fint=
403 1762 499 1828 verbi
525 1761 650 1848 gratia,
685 1782 808 1847 corpus
838 1761 881 1824 est
910 1759 1107 1851 compofitio
1137 1763 1300 1846 quaedem
1331 1781 1416 1906 puu-

291 1865 370 1927 tuor
403 1845 650 1912 elementorum
688 1865 766 1908 cum
805 1843 1045 1929 qualitatibus,
1079 1844 1153 1907 sub'
1169 1861 1238 1907 una
1265 1863 1333 1929 qua
1358 1863 1417 1908 aru

224 1927 233 1936 ’
290 1933 308 1997 s
330 1929 402 1996 ecie
422 1929 640 2014 cotrglobate3
663 1926 728 2012 hac
750 1924 841 1990 enim
859 1925 1079 2001 definitione,
1103 1923 1250 2012 generali
1266 1928 1417 2011 quadam

316 2013 397 2080 escri
425 2009 540 2086 tione,
571 2008 686 2075 omnia
717 2029 858 2094 corpora
892 2029 977 2096 quae
1011 2031 1051 2072 ex
1080 2007 1218 2072 materia
1242 2029 1282 2072 ac
1302 2008 1416 2074 forma

291 2119 357 2166 con
432 2110 490 2171 nt,
522 2095 786 2157 concluduntur.
831 2095 936 2168 Item,
967 2093 1114 2172 Spiritus
1142 2090 1186 2154 est
1212 2105 1334 2168 natura
1361 2091 1417 2155 in·

290 2199 471 2268 corporea,
510 2175 617 2240 sorma
649 2195 711 2264 per
745 2175 779 2236 se
814 2189 848 2237 at
870 2197 917 2237 ue
948 2173 1086 2238 materia
1118 2193 1243 2238 carena.
1289 2174 1418 2240 Omnia

291 2263 383 2332 enim
416 2263 583 2345 Spiritus,
624 2257 692 2321 five
723 2195 953 2330 rationabilia,
992 2258 1058 2321 five
1087 2255 1325 2320 intellectualia
1358 2258 1414 2330 fit,

158 2387 163 2401 ·
290 2369 352 2434 per
381 2345 415 2410 se
441 2341 453 2406 i
480 2343 551 2406 sum
585 2337 744 2404 informia
775 2339 828 2404 est.
874 2337 909 2402 si
940 2359 1020 2404 vero
1042 2340 1220 2404 conversus
1243 2338 1347 2404 suerit
1371 2343 1418 2406 ad

290 2429 424 2496 causam
460 2445 556 2500 uam,
586 2425 654 2486 hoc
678 2421 744 2495 est,
768 2423 810 2484 ad
833 2421 996 2498 Verbum,
1019 2423 1079 2508 per
1101 2422 1309 2510 quemfacta
1331 2423 1418 2488 sunt

291 2507 425 2586 omnia,
465 2505 550 2594 ¹bunc
581 2505 755 2568 innuatur.
803 2503 858 2566 Est
886 2502 991 2590 igitur
1021 2527 1090 2569 una
1118 2505 1224 2570 forme
1254 2504 1416 2572 omnium

219 2591 229 2607 '
290 2595 308 2660 s
328 2591 492 2665 irituum,
515 2583 770 2654 rationabilium
794 2600 828 2650 et
848 2583 1141 2664 intellectualium,
1164 2587 1229 2652 Dei
1252 2589 1415 2656 Verbum.

289 2619 327 2742 ii
358 2695 440 2741 vero
472 2666 712 2736 irrationabilia
740 2666 876 2755 spiritua
905 2671 964 2747 sit,
998 2671 1148 2752 similiter
1179 2671 1336 2736 informia
1368 2674 1417 2737 est

287 2757 415 2862 persei
441 2755 533 2830 sum,
563 2751 729 2818 formatur
749 2767 862 2815 tamen
883 2775 996 2818 rerum
1018 2753 1221 2819 sensibilium
1243 2757 1416 2841 phantasi-

288 2865 330 2910 m.
372 2843 401 2904 E
456 2837 582 2902 iterum
609 2835 717 2900 forma
746 2834 901 2900 omnium
921 2837 1101 2922 spirituum
1123 2836 1416 2906 irrationabilium
1459 2903 1466 2912 ,

287 2923 461 3016 phantasia
493 2918 718 3006 corporalium
740 2939 851 2984 rerum
873 2918 908 2982 in
930 2919 1093 2984 memoria
1116 2941 1233 2992 eorum
1254 2943 1315 3007 per
1336 2943 1417 2988 cor-

289 3011 422 3098 porales
442 3004 556 3074 sensus
578 3001 693 3090 infixa.
736 3003 822 3066 stem
844 2999 880 3066 in
901 3001 1087 3090 disciplinis
1105 3003 1310 3080 liberalibus,
1335 3007 1418 3092 plu·

287 3090 374 3158 rima
393 3091 471 3156 loco
490 3085 716 3176 reperiuntur.
761 3085 862 3149 Nulla
885 3085 976 3152 enim
999 3109 1049 3151 are
1071 3087 1133 3162 est,
1164 3109 1250 3174 quoe
1271 3088 1339 3152 suis
1362 3091 1417 3155 lo·

288 3173 338 3242 cie
359 3187 495 3249 'careat,
532 3186 573 3234 ut
601 3169 680 3234 sunt
707 3165 775 3232 loci
810 3167 997 3246 dialectici,
1027 3191 1207 3256 agenore,
1243 3171 1414 3257 aspecie,

290 3255 489 3336 anomine,
526 3255 567 3316 ab
589 3249 883 3328 antecedentibus,
915 3251 1254 3340 aconsequ'entibua,
1286 3275 1418 3320 acon·

289 3325 417 3416 trariis,
449 3333 654 3422 caeterisque
683 3333 894 3416 hujmmodi,
928 3330 1113 3434 dequibus
1137 3357 1231 3401 nunc
1254 3327 1417 3404 disserere

287 3424 432 3510 longum
459 3419 522 3502 est3
553 3439 633 3486 nam
656 3431 723 3482 tam
747 3419 813 3482 late
833 3433 953 3504 patent
975 3417 1142 3485 dialectici
1165 3418 1249 3495 loci,
1282 3433 1417 3487 utun·

207 3529 211 3534 ·
237 3554 239 3567 .
290 3509 469 3594 decunque
504 3500 700 3568 dialecticus
735 3499 866 3566 animus
898 3523 917 3566 a
944 3517 1062 3568 natura
1089 3525 1200 3568 rerum
1229 3517 1416 3589 argumen-

289 3603 381 3666 tum,
412 3587 505 3676 quod
524 3583 574 3649 rei
596 3583 822 3649 dubiaesacit
841 3585 944 3650 sidem
964 3585 1148 3674 repererit;
1171 3587 1286 3650 locum
1309 3609 1414 3676 ergu-

288 3669 397 3738 menti
426 3671 489 3734 esse
512 3667 693 3745 describat,
723 3667 782 3732 seu
804 3669 993 3767 argumenti
1016 3671 1136 3735 sedem.
1180 3669 1344 3734 Similiter
1370 3673 1412 3737 in

288 3753 363 3820 aliie
392 3751 556 3842 reperim
585 3749 760 3841 quae'suie
780 3751 883 3829 locro,
917 3751 1034 3830 idest,
1067 3751 1212 3842 propriie
1234 3753 1416 3822 definitio·

287 3835 389 3906 uibue
411 3835 627 3912 ambiuntur,
659 3855 801 3924 quarum
810 3837 973 3924 exempla
993 3839 1072 3902 sunt
1093 3841 1186 3902 haec.
1232 3838 1415 3904 Granou-

289 3940 373 4010 rrca
400 3921 448 3986 ‚esi
478 3917 687 3986 articulatae¹
705 3918 801 3985 vocis
822 3919 946 3999 custos,
977 3936 1011 3986 et
1031 3919 1236 3987 moderatrix
1256 3917 1415 4008 discipli-

287 4011 420 4072 uaru'm.
460 4007 701 4072 Recruomcr
723 4003 768 4069 eit
782 4003 916 4072 finitam
930 4003 1061 4072 causam
1075 4007 1225 4094 persona,
1247 4005 1412 4084 materia,

288 4087 478 4168 oecafione,
500 4086 676 4176 qualitate,
697 4088 796 4166 loco,
819 4103 990 4180 tempore,
1012 4089 1190 4169 facultate,
1214 4087 1416 4158 discutiens

288 4169 425 4262 copiose
458 4185 560 4262 atque
578 4181 698 4242 ornate
719 4171 908 4264 disciplina.
950 4175 1044 4244 Haec
1065 4173 1242 4263 disciplina
1261 4174 1307 4241 lic
1328 4175 1413 4242 bre-
