2970 4826
437 241 811 330 statement.
1096 242 1214 318 407
1326 261 1331 272 ·
1453 255 1455 270 ’

95 429 320 518 spiritualiter
340 429 563 508 confiderem,
596 429 677 496 meli
696 449 778 496 vero
799 427 974 498 seientiam
994 428 1213 530 corporaliter

95 515 250 582 nlinmtr.
290 510 481 580 Pnffionnm
502 535 648 602 namque
668 513 709 580 lit
732 512 882 613 magistra
904 515 1122 662 corporaliter
1137 535 1212 580 eam

95 596 365 686 accipientibus,
402 596 597 664 divinorum
619 597 667 664 eia
681 595 897 664 'oblivionem
918 596 954 662 in
973 619 1086 664 erentt
1113 617 1213 686 prop·

95 698 152 748 ter
173 684 267 782 quod
286 679 463 747 interdixit
482 681 634 758 homini.
656 679 885 747 intermittens
900 679 1039 747 interim
1054 685 1125 762 eiua
1138 701 1212 768 per·
1274 721 1278 736 ·

98 781 296 853 ceptionem
323 767 435 840 Deua,
469 781 509 829 ut
529 763 640 852 priua,
677 764 820 829 maxime
841 763 969 854 quippe
991 780 1061 830 erat
1080 765 1212 846 justum,

124 869 161 914 er
188 845 484 935 participationem
513 847 638 935 gratiae
659 847 831 934 propriam
851 869 1061 937 cognotceua
1082 849 1214 914 caulam

143 946 279 1020 tamque
310 953 371 1020 pet
408 931 548 1018 gretiam
581 928 888 1008 immortalitatem,
928 953 989 1018 per
1017 929 1215 1010 huiuamodi

93 1013 184 1102 ligni
214 1035 319 1102 perce
346 1014 474 1080 tionem
507 1017 550 1080 ad
577 1012 872 1103 impaffibilitatem
901 1016 1155 1082 consummatur
1179 1029 1215 1080 et

94 1039 480 1174 inconversibilitatem.
521 1099 606 1164 ficut
631 1103 700 1180 jam
726 1102 817 1163 Deua
846 1097 1072 1165 Deilicatinne
1103 1098 1212 1164 factm

92 1180 241 1248 innocui
263 1203 341 1246 cum
362 1184 437 1247 Deo
459 1182 702 1248 communione
725 1181 791 1246 Dei
813 1181 1015 1271 dicceptaret
1032 1197 1212 1261 creaturan,

95 1279 133 1330 et
154 1285 269 1330 earum
292 1264 457 1352 reciperet
478 1265 673 1341 scientiam,
696 1281 736 1330 nt
758 1269 851 1331 Deua
873 1282 908 1332 et
927 1287 999 1332 non
1014 1269 1118 1332 bomo
1136 1287 1213 1330 een-

96 1351 177 1413 dem
211 1349 339 1413 habena
373 1370 450 1412 cum
485 1353 558 1414 Deo
579 1373 639 1436 per
659 1349 800 1436 gratiam
823 1371 940 1415 eorum
962 1371 1048 1437 quae
1070 1351 1148 1414 lunt
1169 1347 1216 1412 ia·

95 1429 234 1577 pienter
254 1429 412 1496 notitiam
435 1432 620 1519 peripsam
644 1435 678 1497 let
705 1431 964 1498 Deilicationem
987 1432 1093 1498 animi
1113 1447 1215 1518 atque

63 1583 69 1596 ⁸
113 1515 213 1578 enlua
243 1515 580 1582 transmutationem:
617 1517 661 1582 fic
683 1515 921 1603 accipiendum
943 1518 985 1580 de
1005 1515 1101 1604 ligno
1121 1520 1216 1596 juxta

97 1597 258 1662 omnibua
282 1591 622 1686 valentem'coaptari
645 1622 832 1688 anagogen.
869 1605 1005 1664 intuere
1026 1619 1126 1686 quam
1139 1599 1214 1686 pul·

96 1701 173 1755 cre,
205 1701 305 1778 quam
342 1697 457 1786 aperte
478 1681 561 1770 quid
577 1683 622 1782 ‘sit
640 1683 772 1782 lignum
792 1682 955 1786 scientiae
977 1681 1060 1746 boni
1082 1697 1116 1746 et
1135 1680 1217 1746 mali

94 1783 184 1995 {132
187 1765 497 1942 ”infidam
515 1767 714 1915 222¹th
721 1765 1217 1943 ·s,tlltl¹tt052'‚”7t;tt;·

118 1935 175 1996 oni
207 1948 242 1994 et
265 1933 476 2017 spiritualem
501 1924 649 2018 fmtctnm
671 1935 932 2017 intelligentibus
954 1957 1025 1997 eant
1044 1932 1217 2024 praestate

97 2013 276 2080 carnaliter
297 2037 379 2081 vero
403 2031 437 2080 et
456 2015 637 2081 libidinose
658 2017 917 2103 appetentibus.
941 2032 976 2080 et
991 2017 1216 2104 intemperate

98 2114 134 2162 ct
170 2113 288 2162 contra
325 2101 417 2184 legen
457 2099 588 2164 divinae
628 2099 846 2163 abutentibus
874 2098 1083 2166 mortiferam
1110 2098 1219 2162 infert

96 2179 284 2246 scientiam.
326 2184 374 2246 dc
395 2203 456 2280 per
475 2185 543 2247 hoc
563 2203 635 2248 non
658 2181 695 2246 in
717 2181 787 2268 ipsa
810 2198 930 2246 natura
952 2183 1049 2246 caula
1069 2179 1150 2246 mali
1171 2181 1215 2247 eli

97 2263 297 2340 constituta,
320 2263 434 2330 ledan
458 2265 673 2331 abutentium
693 2265 976 2352 intemperantia,
1010 2267 1150 2330 ethaeo
1171 2265 1216 2330 est

97 2345 168 2434 ipia
193 2347 333 2423 mulier,
369 2350 424 2413 vel
454 2365 494 2414 ut
524 2349 572 2414 ita
595 2351 723 2421 dicam.
760 2352 827 2414 boc
849 2349 892 2412 eli
913 2349 1152 2436 illudliguum
1174 2351 1217 2413 de
1293 2387 1304 2398 ι
1423 2424 1429 2438 ,

99 2451 168 2518 quo
196 2430 365 2495 Dominae
396 2431 500 2497 dicite
532 2435 600 2533 Qui
625 2423 761 2498 viderit¹
781 2433 945 2498 mulierem
974 2433 1021 2495 ed
1048 2434 1217 2516 concupis·

98 2515 233 2577 cendam
263 2537 356 2590 eam,
375 2515 452 2604 jam
481 2519 668 2582 moechatus
704 2515 753 2606 eli
774 2521 807 2581 in
831 2517 929 2582 eorde
940 2511 1016 2607 sno.
1061 2513 1219 2580 Materia&

99 2596 185 2662 lium
213 2591 380 2695 iiquidem
407 2599 600 2744 superficies
620 2621 732 2663 renim
759 2603 840 2664 dum
863 2601 902 2664 tit
922 2599 1122 2664 naturaliter
1144 2599 1219 2698 pul·

100 2701 180 2752 cra.
210 2695 348 2745 incaute
373 2696 418 2744 *et
459 2681 628 2746 ibidinole
661 2683 807 2746 lensrbua
838 2705 911 2746 eam
931 2683 1218 2747 confiderentrum

99 2760 218 2828 mortio
246 2762 351 2826 infert
380 2764 599 2828 occafionem.
648 2765 816 2828 Vilibilem
849 2785 997 2850 namque
1031 2779 1218 2829 ereaturam
1345 2811 1352 2826 .

105 2849 148 2910 ad
176 2847 244 2910 hoc
265 2849 357 2909 Deua
380 2845 553 2924 condidit,
584 2861 624 2910 ut
643 2867 703 2931 per
725 2869 796 2910 eam
819 2847 903 2912 sicut
923 2867 984 2933 per
1004 2845 1218 2920 invilibilem,
1252 2915 1254 2920 ,

101 2929 173 2993 lana
196 2933 267 3008 ejue
289 2931 535 3006 cumularetur,
559 2945 593 2992 et
614 2946 875 3015 cognoaeeretur
896 2951 967 2994 non
984 2928 1137 3016 quidest,
1161 2929 1219 2994 led

128 3010 185 3076 uia
217 3011 260 3076 eli
281 3012 384 3077 uniua
406 3011 511 3077 totius
533 3029 703 3078 creatorae
724 3011 862 3077 vilibilia
885 3029 920 3076 et
940 3011 1117 3076 invisibilia
1139 3032 1220 3076 con·
1246 3037 1251 3054 ·

104 3036 215 3163 iitort
245 3095 391 3182 ideoque
421 3095 600 3162 interdixit
630 3099 723 3160 Deua
745 3098 914 3160 humanae
935 3109 1075 3158 naturae
1096 3093 1221 3160 viabili

102 3194 253 3248 creatura
277 3179 453 3255 delectari,
475 3179 670 3267 priusquam
692 3178 826 3243 veniret
847 3181 888 3244 ad
909 3177 1155 3266 perfectionem
1173 3178 1221 3242 la·

126 3263 275 3339 tentiae.
309 3262 346 3327 in
363 3256 435 3350 'qua
455 3265 560 3351 poliet
582 3261 736 3328 deificata
758 3265 799 3326 de
822 3261 1012 3326 rationibus
1032 3281 1146 3342 rerum
1169 3259 1220 3325 ri·

102 3290 247 3416 initium
269 3370 348 3414 cum
369 3351 443 3412 Deo
467 3348 517 3414 die
544 3362 656 3426 utare3
678 3366 743 3410 nec
764 3344 823 3408 illa
842 3344 986 3419 mulier,
1009 3338 1153 3426 carnalla
1170 3341 1220 3407 ri·

105 3432 227 3500 delicet
259 3432 393 3506 rentur,
422 3433 463 3496 ad
487 3371 747 3497 delectationem
769 3427 950 3492 materialia
971 3443 1143 3492 creaturae
1165 3449 1219 3491 ex·

106 3515 267 3582 trinieeua
296 3515 521 3580 confideratae
550 3515 678 3578 valeret
708 3534 786 3576 eum
817 3515 1009 3586 attrahere„
1043 3513 1139 3577 Ordo
1159 3509 1221 3576 ita'·

106 3621 170 3688 qne
208 3600 345 3690 divinae
375 3601 406 3663 le
433 3597 459 3662 'e
492 3613 583 3672 erat,
619 3594 781 3682 primum·
797 3611 980 3682 creatorem
1014 3615 1248 3684 cognoacere=
1352 3629 1355 3646 ·

105 3689 242 3768 ejusque
263 3681 403 3749 ineffabi
419 3704 471 3746 em
491 3679 783 3770 pulcritudinemi
816 3679 940 3744 deinde
962 3694 1149 3753 creaturam
1171 3699 1221 3742 ra-

105 3765 262 3831 tionabili
294 3767 391 3831 ienlu
411 3765 537 3831 mentia
558 3763 701 3828 nutibus
724 3766 979 3852 obtemperante
1001 3761 1220 3834 confiderem,

106 3865 211 3916 totam
235 3871 279 3912 ue
304 3849 406 3936 ipliua
435 3845 724 3938 pulcrittulinem
754 3847 822 3911 five
857 3844 1000 3910 interius
1020 3846 1058 3910 in
1080 3842 1220 3920 rationi·

106 3938 187 4008 boa,
210 3871 275 3996 ive
297 3933 443 4001 exterius
466 3933 503 3998 in
526 3931 643 3997 lormia
665 3929 895 4004 ionfibilibuea
916 3931 959 3994 ad
979 3933 1114 3996 laudem
1132 3947 1221 3992 crea·

106 4015 190 4082 toria
217 4015 350 4080 referre.
394 4021 496 4088 Hune
528 4031 643 4080 autem
676 4013 813 4078 divinae
832 4013 918 4100 legia
939 4013 1095 4080 ordinem
1115 4015 1256 4075 homo·

106 4099 331 4188 superbiendo
361 4101 539 4188 spernent,
572 4097 731 4164 creatoris
754 4097 803 4162 lui
825 4119 974 4191 amorem
995 4114 1030 4162 et
1051 4093 1218 4181 cognitio·

106 4207 184 4252 nem
205 4181 388 4250 materialia
410 4201 581 4252 menturae
606 4181 760 4248 exteriori
781 4181 1007 4260 pulcritudini
1022 4175 1216 4270 postposuit,
