3048 4856
494 252 630 344 aton}
647 263 800 340 aaron
1014 221 1035 300 ἶ
1129 246 1228 358 tad,

93 466 254 516 naturam
273 449 412 526 aedile,
437 471 478 517 ex
496 455 594 533 eujua
614 410 876 540 participatione
895 449 975 515 lunt
994 447 1120 535 omnia.
1157 453 1207 518 tt.

91 537 247 599 Putasne
267 532 360 598 illam
381 547 536 598 naturam
559 537 601 600 de
621 533 731 602 nihilo
754 536 816 600 elle
835 532 984 600 iactam?
1005 537 1048 600 D.
1063 535 1143 600 Non
1158 535 1208 601 lo·

93 621 169 682 lum
188 629 291 716 puto,
312 638 432 680 verum
453 616 555 684 etiam
578 617 719 684 firmiter
742 633 863 697 teneo,
893 638 966 682 non
987 616 1125 684 aliunde
1146 617 1209 684 nifi

94 703 140 766 de
162 699 270 764 nihilo
292 703 502 786 productam.
542 701 590 766 M.
614 701 729 766 Defini
750 701 843 767 illam
863 715 1036 778 naturam,
1059 701 1143 800 quid
1156 702 1205 767 fit.
1318 757 1320 760 .

92 789 140 848 D.
170 785 248 848 Non
279 783 419 869 polium.
461 787 527 848 Res
555 782 646 868 enim
669 787 779 850 adhuc
800 783 952 862 infinita,
987 805 1209 872 omniumque

93 865 306 941 communie,
344 873 408 934 nec
429 867 528 932 certia
549 868 665 934 formio
685 872 796 933 adhuc
818 867 989 947 distincta,
1009 870 1064 934 vel
1084 867 1209 958 specie·

88 953 178 1026 bue,
202 951 373 1037 quomodo
396 949 530 1014 definiri
551 951 650 1038 poffit
669 973 740 1016 non
763 951 874 1018 video.

157 1052 209 1097 aa.
231 1035 279 1096 Μ.
339 1031 399 1096 uid
420 1034 444 1098 fi
465 1033 540 1120 quia
563 1035 710 1099 summae
729 1036 837 1100 laurae
861 1057 905 1116 ue
918 1033 1128 1100 auctoritatis
1142 1033 1208 1100 tibi

88 1117 264 1191 suaderet,
287 1115 322 1188 ¹il
338 1137 390 1182 am
419 1133 574 1182 naturam
604 1139 675 1181 non
699 1117 793 1182 aliud
859 1133 1027 1205 epraeter
1047 1117 1112 1183 Dei
1135 1139 1209 1182 ver·

87 1203 194 1265 bum:
219 1197 394 1264 dixilleane
416 1221 488 1262 eam
511 1203 553 1263 de
574 1200 683 1265 nihilo
706 1203 768 1266 elle
789 1202 942 1266 factam?
966 1205 1008 1266 de
1022 1201 1081 1267 illo
1095 1200 1207 1267 nihilo

88 1281 190 1360 dico,
224 1285 317 1380 quod
345 1281 572 1428 privationem
602 1283 706 1348 totius
730 1285 903 1362 ellentiae,
942 1299 976 1348 et
995 1278 1205 1362 substantiae,

87 1383 126 1432 et
155 1363 326 1454 qualitatis
358 1365 521 1452 ignificat.
564 1369 606 1430 D.
629 1369 868 1454 Nequaquam
905 1366 981 1454 quia
1003 1367 1096 1432 enim
1118 1368 1207 1433 dixe·

85 1449 138 1515 rit
166 1451 308 1512 verbum
341 1447 407 1511 Dei
428 1451 469 1514 de
499 1447 608 1513 nihilo
641 1449 702 1514 elle
734 1451 881 1526 factum,
916 1454 998 1516 dum
1024 1451 1064 1514 fit
1092 1449 1208 1516 omnia

88 1537 135 1599 de
157 1531 267 1596 nihilo
288 1531 442 1595 facient?
466 1535 509 1596 ht
531 1531 606 1628 quie
628 1531 703 1606 ille,
728 1533 787 1620 qui
810 1536 952 1600 terbum
969 1533 1035 1598 Dei
1050 1549 1208 1600 naturam
1318 1581 1321 1586 -

88 1613 249 1682 omnium
271 1615 333 1678 elle
355 1635 425 1679 non
450 1613 568 1678 timuit
587 1615 722 1680 dicere?
756 1619 805 1680 Μ.
839 1617 928 1690 Audi
948 1617 1101 1682 sanctum
1120 1617 1207 1688 Basa·

85 1699 179 1764 lium
205 1696 243 1761 in
272 1712 391 1761 octava
424 1697 573 1762 Homilia
604 1698 641 1762 in
664 1701 824 1764 Genelina
859 1722 995 1788 „neque
1017 1700 1125 1776 enim,
1155 1699 1207 1764 in·
1252 1744 1256 1768 .

86 1781 193 1880 quit,
222 1782 358 1865 quando
388 1779 519 1843 audivit
555 1796 655 1846 terra=
678 1781 845 1868 germinet
857 1786 1002 1927 herbam
1023 1782 1139 1857 foeni,
1172 1797 1207 1846 et

84 1869 224 1952 lignum
251 1861 482 1936 fructilerum,
517 1863 690 1928 occultum
718 1866 846 1927 habene
882 1886 1008 1928 oenum
1032 1863 1204 1950 produxit,

86 1967 204 2034 neque
224 1945 396 2018 Palmam,
422 1959 480 2006 aut
504 1945 694 2027 Quercum,
730 1961 789 2008 aut
809 1947 1004 2032 Cyprellum
1026 1962 1104 2010 ante
1126 1969 1206 2012 con·

87 2033 245 2118 spectum
263 2025 451 2091 visceribus
471 2025 538 2089 suia
560 2029 693 2092 occulta
714 2027 832 2092 eduxit
852 2028 890 2094 in
903 2028 1125 2114 superficiem,
1147 2029 1206 2094 led

84 2113 260 2180 Divinum
280 2113 422 2174 verbum
443 2124 563 2172 natura
585 2109 628 2173 est
646 2129 870 2199 eorumquae
885 2111 973 2174 facta
988 2111 1106 2174 lunt”:
1129 2131 1205 2196 pro·

87 2201 212 2271 ducat,
235 2213 318 2268 non,
338 2195 431 2280 quod
450 2194 569 2269 habet,
587 2195 787 2278 .depromat;
808 2193 866 2256 sed
886 2194 979 2279 quod
997 2213 1070 2256 non
1089 2195 1204 2270 habet,
1332 2237 1339 2259 ,
1384 2290 1386 2299 Ι

86 2296 205 2356 creat,
228 2281 303 2342 Deo
325 2279 474 2342 donante
498 2273 714 2361 Operationie
734 2274 906 2339 virtutem.
944 2277 1089 2340 Intende
1125 2298 1205 2342 uam

86 2359 294 2430 fiducialiter
332 2355 576 2447 pronunciavit
602 2374 757 2422 naturam
788 2357 959 2434 omnium,
1000 2380 1085 2445 quae
1103 2299 1205 2424 (iacta

85 2451 189 2522 lunt,
218 2447 361 2509 verbum
389 2442 455 2506 Dei
484 2443 563 2518 effe,
594 2457 635 2505 ut
662 2443 755 2506 nulla
783 2441 848 2506 tibi
875 2443 930 2506 sul
952 2439 1019 2508 icio
1048 2442 1206 2530 subrepat

87 2526 320 2601 existimandi,
344 2529 437 2625 quod
458 2525 551 2590 aliud
569 2526 609 2588 lit
631 2524 695 2589 Dei
715 2527 873 2601 verbum,
905 2465 998 2589 aiiud
1020 2529 1091 2606 ejus
1112 2549 1205 2613 prae·

85 2637 126 2688 ee
154 2629 246 2687 tum;
280 2609 318 2676 id
345 2611 456 2698 aplum
482 2629 630 2694 namque
649 2607 687 2672 in
709 2630 750 2673 eo
773 2609 831 2685 est,
866 2609 999 2685 etoile,
1031 2625 1066 2672 et
1088 2609 1204 2676 omnia

135 2719 154 2762 e
185 2698 320 2776 jubere;
351 2694 483 2764 offendo
514 2693 605 2756 enim
625 2690 736 2789 ipsum
756 2691 846 2757 fiunt
866 2691 997 2767 omnia,
1027 2714 1133 2778 quum
1153 2692 1204 2780 ip-

88 2782 166 2846 lum
193 2776 309 2844 omnia
340 2777 394 2843 eli.
441 2778 487 2839 Et
507 2791 546 2839 ut
567 2790 692 2839 certius
715 2795 897 2864 cognoscat
920 2773 986 2839 Dei
1006 2779 1147 2840 verbum
1167 2790 1204 2840 et

88 2879 248 2929 naturam
269 2859 423 2926 omnium
445 2859 527 2934 elle,
550 2873 585 2922 et
605 2858 916 2925 consubstantialem
962 2857 1024 2921 atri
1039 2873 1117 2928 ante
1133 2879 1203 2924 om·

72 2928 151 3013 'nia
171 2943 208 3010 in
230 2942 408 3028 omnibus,
432 2962 518 3030 quae
538 2940 575 3006 in
597 2959 646 3011 eo¹
659 2941 747 3006 facta
763 2943 856 3019 lunt,
880 2881 959 3004 audi
972 2941 1202 3012 Ecclelialtent

80 3025 316 3120 sapieniam,
337 3025 468 3114 inquit,
491 3027 565 3090 Dei
585 3025 833 3107 praecedentem
853 3027 962 3090 omnia
982 3027 1055 3108 quis
1068 3024 1203 3116 investi·

86 3114 213 3199 gavit?
242 3115 332 3178 Eece
363 3109 636 3176 coaeternitatem
664 3108 773 3182 Patri,
808 3123 842 3170 et
869 3106 1135 3184 coellentialem;
1168 3121 1203 3172 et
1232 3137 1241 3168 t

88 3197 257 3266 continuo
286 3193 453 3280 sequitur,
488 3195 599 3258 Primo
625 3197 766 3257 amatium
793 3205 908 3255 creatu
939 3189 987 3280 est
1012 3193 1200 3278 sapientia,

89 3301 171 3346 ecee
199 3279 237 3343 in
272 3276 432 3344 creaturis
453 3277 586 3342 iactam.
628 3275 717 3341 Audi
738 3273 980 3362 Evangelium,
1013 3278 1112 3423 guod
1121 3270 1204 3368 fae·

90 3381 162 3430 tum
183 3361 232 3450 'esi
253 3367 287 3426 in
307 3355 400 3456 ipso,
419 3363 501 3424 vito
517 3374 600 3423 erat.
644 3363 731 3424 Nam
750 3361 844 3448 quod
863 3357 943 3424 alibi
966 3357 1003 3423 in
1046 3362 1202 3426 alomone

92 3445 236 3535 legitur,
258 3447 358 3509 Deus
377 3447 506 3508 creauit
524 3467 575 3516 me
596 3448 631 3508 in
652 3446 749 3509 initio
768 3447 898 3508 viarum
906 3438 1062 3531 suarum,
1084 3443 1141 3508 alii
1159 3446 1201 3509 de

90 3527 328 3598 incarnatione
349 3525 467 3602 Verbi,
503 3525 560 3591 alii
583 3529 624 3593 de
645 3526 823 3592 nativitate
844 3530 915 3607 ejue
937 3545 978 3588 ex
996 3527 1094 3591 Patre
1115 3525 1202 3594 acci·

89 3615 219 3703 piunt,
241 3613 384 3698 quordm
406 3610 518 3676 senlua
541 3609 734 3676 credibilior
752 3607 1003 3675 mihividetur.
1098 3661 1103 3672 .
1210 3607 1217 3626 “

155 3715 206 3760 aa.
229 3700 281 3760 De
302 3693 356 3760 bie
377 3710 491 3758 autem
511 3695 571 3792 qui
592 3697 634 3761 de
656 3715 696 3760 eo
717 3693 845 3768 nihilo,
868 3693 961 3778 quod
979 3688 1084 3756 totiua
1100 3691 1202 3754 ellen-
1288 3711 1291 3735 ¹

89 3779 162 3846 tiae
213 3777 418 3844 rivationem
446 3778 611 3864 fignificat
636 3781 693 3843 vel
714 3774 915 3850 absentiam,
945 3775 1113 3840 mundum
1135 3773 1203 3838 iac·

90 3879 168 3929 tum
189 3803 290 3928 1inille
318 3862 540 3936 arbitrantur,
572 3859 656 3950 quid
684 3859 794 3928 dicam
820 3857 953 3946 ignoro.
995 3859 1075 3922 Non
1109 3853 1203 3922 enim

89 3947 216 4024 video,
240 3969 341 4046 quare
357 3967 428 4011 non
444 3945 654 4010 confiderunt
669 3943 897 4030 oppositorum
912 3957 1085 4018 naturam:
1105 3938 1203 4090 ligui-

92 4035 174 4096 dem
200 4029 347 4118 privatio
374 4050 446 4094 non
473 4029 579 4116 potest
600 4029 680 4103 effe,
709 4027 770 4091 ubi
789 4047 861 4092 non
882 4027 926 4091 est
947 4025 1099 4098 bahiano
1159 4043 1202 4087 n·

90 4107 187 4178 v'atio
218 4135 365 4201 namque
390 4109 600 4178 habitudinis
620 4111 664 4176 est
683 4109 852 4198 privatio:
884 4131 924 4175 ao
943 4131 1004 4198 per
1022 4111 1108 4181 boc,
1140 4102 1202 4170 ubi

93 4219 169 4266 non
189 4195 362 4286 praecedit
382 4193 535 4276 babitus,
556 4215 628 4264 non
649 4193 799 4285 sequitur
816 4190 978 4262 Privatio.
1020 4189 1204 4280 Quomodo
1240 4213 1243 4220 ·
