2890 4820
288 279 386 336 1an

351 435 404 501 Ad
423 435 465 499 Il.
490 454 519 498 a.
563 434 775 530 Quamquam
801 431 838 496 iu
869 429 965 496 libria
995 428 1222 498 de=divisrone
1242 437 1404 502 nonnulli

290 517 357 586 loci
376 515 613 605 reperiuntur,
636 517 757 604 quibua
778 518 927 580 mundus
949 516 1148 600 archetypue
1165 515 1203 580 in
1216 521 1313 604 Lago
1327 523 1402 585 Deo

290 617 426 668 aeterne
448 597 624 675 conditae,
663 607 764 686 quain
784 619 878 662 nunc
898 598 1009 662 ideam
1032 597 1214 664 creationis
1235 622 1253 664 a
1277 603 1404 688 pellere

289 687 416 757 lolent.
438 705 516 748 cum
538 681 683 748 secunda
704 683 752 746 St.
780 679 958 746 Trinitatis
978 682 1119 766 persona
1141 622 1328 760 contuita.
1348 687 1402 750 vel

288 789 362 834 non
394 767 470 832 latia
500 767 541 830 ab
569 767 687 830 eadem
709 765 881 830 distinctae
901 763 1057 846 videtur3
1086 766 1188 830 multi
1209 782 1324 831 tamen
1348 769 1403 832 alii

189 910 195 934 ,
289 851 359 918 1οοὶ
387 863 588 924 occurrunt,
618 847 678 935 qui
714 848 934 914 determinata
956 863 990 910 et
1011 847 1160 934 praecise
1181 871 1200 913 ι
1219 853 1331 915 Verbo
1354 874 1401 914 ae·

290 950 387 1006 terne
432 931 544 1009 enito,
566 933 733 998 mundum
755 932 791 995 in
816 934 935 996 eodem
955 933 1065 995 Verbo
1087 931 1265 997 conditum
1287 949 1323 997 et
1342 957 1402 1022 per

288 1017 381 1084 idem
400 955 564 1091 tierbum,
596 1023 636 1079 ut
657 1011 728 1100 iple
752 1014 855 1092 dicit,
877 1015 1025 1112 factum..
1048 1028 1083 1108 et
1104 1037 1122 1079 a
1145 1015 1267 1102 spiritu
1286 1016 1401 1086 sancto

289 1099 494 1188 perfectum.
517 1113 558 1164 ut
576 1113 730 1163 naturam
753 1113 887 1162 aeterne
908 1099 1081 1162 conditam
1102 1119 1130 1162 a.
1150 1113 1316 1175 creatam,
1341 1099 1403 1164 dia·

289 1196 452 1257 cernunt,
474 1181 555 1248 licet
575 1203 653 1248 eum
675 1185 776 1282 Lago
797 1180 915 1246 divino
938 1183 1159 1260 conionum,
1187 1184 1326 1268 quando
1347 1205 1401 1248 na·

191 1309 193 1316 ,
289 1280 388 1332 turae
407 1279 538 1331 creatae
556 1285 629 1330 non
650 1280 800 1340 creanti,
823 1285 924 1350 quem
944 1266 1110 1330 mundum
1132 1265 1255 1330 realem
1279 1288 1307 1330 e.
1323 1267 1402 1330 Uni·

181 1342 188 1356 “
290 1349 424 1416 versum
437 1369 560 1416 vocare
576 1347 737 1424 solemne,
761 1345 947 1434 opponitur
963 1346 1054 1412 idem
1068 1362 1103 1411 et
1116 1362 1226 1412 creata
1237 1362 1272 1413 et
1285 1369 1401 1414 creant

187 1445 189 1448 ’
249 1433 252 1442 '
290 1433 480 1520 appelletur
509 1447 641 1496 natura.
682 1433 858 1498 Praeterea
877 1429 1022 1516 Erigena
1042 1427 1080 1494 in
1101 1430 1224 1506 variis,
1256 1453 1339 1516 quaa
1361 1435 1400 1497 de

292 1517 342 1582 St.
364 1513 528 1580 Ternario
549 1515 680 1602 profert
700 1513 983 1600 expolitionibus,
1006 1533 1105 1599 quarn
1127 1511 1324 1578 strictiffime
1344 1515 1401 1578 fin·

339 1599 386 1663 lar
415 1599 573 1686 personae
603 1598 670 1662 live
698 1589 904 1669 ὑποστάσεις
925 1594 1053 1662 clallice
1073 1598 1259 1662 secundum
1280 1601 1400 1685 dogma

317 1680 484 1766 'stinguit.
506 1695 541 1745 et
561 1681 805 1766 consequenter
827 1680 927 1748 etiam
950 1677 1055 1766 λόγον
1083 1679 1167 1750 dicit
1188 1695 1324 1744 aeterne
1350 1703 1400 1767 ge·

290 1763 425 1839 nitum,
457 1757 522 1828 nec'
544 1780 679 1828 aeterne
697 1765 962 1862 procedentem,
996 1783 1061 1826 nec
1082 1779 1217 1828 aeterne
1240 1779 1398 1828 creatum.

293 1851 422 1921 Locos,
454 1846 577 1933 quibue
606 1845 664 1910 illa
694 1863 785 1911 tuter
814 1849 935 1932 Logon
963 1860 1184 1933 naturamque
1204 1862 1349 1913 mentam
1370 1861 1401 1910 et

292 1945 462 1997 creantem
484 1929 671 2004 distinctio,
709 1930 818 1994 multo
839 1927 945 2014 magia
968 1927 1070 1992 etiam
1091 1929 1181 1996 inter
1199 1933 1347 1994 eundem
1368 1943 1399 1992 et

289 2029 444 2096 naturam
466 2028 610 2078 creatam
630 2033 703 2078 nou
726 2027 894 2077 creantem
916 2033 941 2074 a.
974 2027 1158 2076 creaturam
1178 2011 1317 2097 proprie
1337 2011 1400 2077 dia·

193 2129 202 2146 .
279 2109 380 2171 'tam‚
412 2095 512 2162 nobie
542 2093 715 2161 clariffime
740 2093 875 2159 videtur
904 2093 1098 2159 illuceacere
1131 2099 1285 2180 (praeter
1314 2096 1396 2168 illos,

291 2180 423 2268 quibua,
438 2183 533 2244 Deua
554 2177 689 2266 genitur
711 2199 730 2241 a
750 2181 824 2244 Deo
871 2191 1028 2242 enerante
1052 2193 1085 2242 et
1104 2180 1313 2262 procedente
1330 2199 1396 2242 noa

220 2269 223 2279 ¹
291 2263 424 2408 minui,
462 2283 562 2348 quam
588 2283 606 2349 a
630 2275 780 2327 creatura
801 2259 834 2324 di
864 2260 871 2278 '
899 2259 1027 2347 guitur)
1049 2257 1089 2340 π)
1111 2281 1130 2324 e
1152 2259 1268 2325 multia
1289 2260 1397 2326 affera-

292 2364 512 2490 mu'hibinlcleli
541 2447 577 2522 p.
604 2397 675 2504 ora.
699 2424 765 2512 seq.
808 2427 1018 2501 „credamur
1046 2425 1161 2525 itaque
1183 2441 1219 2490 et
1238 2441 1397 2512 quantum

293 2511 409 2584 datur,
443 2523 568 2573 mentre
598 2507 669 2572 acie
689 2507 905 2584 intueamur.
942 2507 1056 2574 omnia
1077 2509 1219 2574 visibilia
1238 2526 1273 2573 et
1292 2509 1412 2574 invia-s

290 2591 373 2660 bilia
404 2605 469 2657 etc.
495 2605 581 2666 eto,
618 2611 839 2678 quaeeunque
866 2591 1063 2658 universitas
1096 2591 1202 2658 totiua
1231 2609 1397 2660 creatorae

293 2672 467 2751 continet,
496 2673 542 2738 in
573 2675 709 2738 Verbo
730 2675 812 2738 Dei
833 2673 1075 2762 Unigenilo
1097 2691 1131 2740 et
1152 2693 1286 2740 aeterna
1307 2676 1395 2740 fimul

292 2773 329 2825 et
355 2759 444 2823 iacta
474 2757 555 2834 elle,
593 2771 627 2821 et
657 2777 769 2842 neque
800 2758 1032 2822 aeternitatem
1061 2758 1098 2822 in
1133 2758 1181 2822 eia
1202 2763 1397 2844 praecedere

291 2842 473 2916 facturam,
506 2861 618 2926 neque
653 2840 816 2906 facturam
847 2845 1045 2928 praecedere
1066 2841 1310 2906 aeternitatem.
1352 2840 1396 2906 si·

225 3021 228 3028 ἱ
292 2923 431 3073 puigena
460 2944 577 3072 estartriam
606 2922 784 3069 aetappipae
813 2923 902 2990 faeta
933 2925 994 2999 eil,
1026 2939 1060 2988 et
1089 2924 1242 2990 conditio
1266 2941 1395 2990 aeterna

290 3029 330 3072 tn
375 3030 403 3073 aa
430 3029 506 3073 ena
536 3027 728 3072 onerera.

355 3031 429 3158 tili.
451 3094 507 3155 ΠΙ.
529 3113 563 3176 p.
586 3105 658 3169 232.
696 3089 914 3174 „inconculla
935 3087 1050 3176 iraque
1070 3089 1251 3156 auctoritas
1265 3083 1396 3163 di'vinae

290 3171 473 3262 [cripturae
493 3195 556 3236 noa
577 3194 652 3238 com
679 3171 751 3235 ellit
772 3173 924 3246 credere.
947 3175 1052 3237 totiua
1079 3174 1395 3238 creaturanniver·

288 3256 418 3322 fitatem
448 3255 485 3320 in
513 3257 621 3320 Verbo
686 3252 717 3316 ei
746 3253 918 3320 conditam
949 3257 1011 3320 elle
1044 3256 1144 3342 ipfiue
1175 3278 1255 3321 vero
1280 3252 1395 3322 eondi-

291 3337 398 3406 tionie
427 3339 593 3404 rationem
615 3357 731 3402 omnes
753 3336 946 3402 intellector
967 3339 1138 3425 superare,
1175 3339 1304 3426 solique
1324 3343 1395 3403 Ver·

290 3424 354 3501 bo,
377 3415 504 3508 in'quo
526 3420 664 3486 condita
686 3421 781 3494 lunt,
804 3420 976 3508 cognitam
998 3423 1092 3486 elle.”

352 3505 428 3571 Lib.
451 3509 506 3570 111.
528 3527 561 3590 p.
585 3519 655 3588 239.
685 3501 804 3578 „Dicit
825 3504 916 3568 enim
938 3509 978 3584 (a.
1002 3505 1195 3590 scriptum:
1217 3507 1260 3569 Iu
1285 3502 1393 3591 prin·

291 3588 408 3674 cipio
439 3585 546 3653 fecit
565 3590 679 3650 Deua
701 3588 868 3650 eoelum
891 3603 930 3652 et
950 3603 1124 3672 terram3
1153 3590 1220 3652 hoc
1242 3587 1285 3653 eil
1305 3591 1394 3652 Deus

289 3689 386 3758 pater
412 3670 450 3735 in
479 3675 553 3736 Deo
575 3669 646 3736 filio
668 3667 917 3735 univerfitatem
940 3669 1046 3736 totiua
1067 3685 1238 3736 creaturae
1258 3666 1391 3736 visibilia

192 3762 200 3780 ·
290 3769 326 3840 ος
345 3753 525 3852 invifibilia·
541 3751 717 3852 condiditt
738 3767 772 3816 et
792 3752 876 3840 quid
895 3753 933 3852 in
947 3752 1118 3841 principio
1141 3753 1222 3832 luo,
1243 3751 1288 3818 iu
1309 3771 1391 3816 ver·

288 3839 342 3902 bo
374 3839 472 3916 luo,
515 3859 560 3902 ιιι
596 3837 697 3901 irlao
726 3835 800 3900 suo
829 3837 1069 3924 unigenito
1100 3851 1196 3925 pater
1224 3839 1391 3906 conderet,

321 4054 369 4122 Β)
386 4053 428 4109 cl.
446 4052 496 4106 lib.
512 4055 547 4106 11.
575 4053 689 4117 „Omnis
705 4061 797 4136 putem
814 4059 935 4108 ereatura
950 4053 1051 4138 incipit
1059 4069 1133 4116 erae,
1150 4051 1215 4138 qula
1228 4061 1295 4117 erat,
1313 4063 1392 4123 qaam

355 4139 414 4178 uon
431 4129 506 4189 τηις
525 4131 583 4176 erat
599 4125 630 4176 iu
647 4138 733 4184 mnata
801 4121 873 4186 dem,
888 4140 947 4180 uon
963 4131 1021 4176 erat
1038 4141 1069 4180 ιιι
1085 4121 1244 4179 metuam
1262 4139 1325 4178 uon
1336 4133 1392 4175 om·

355 4193 422 4248 uiua
440 4191 523 4262 igitur
538 4207 602 4247 vera
619 4193 751 4248 aeterulta
792 4197 937 4250 waeterm
959 4190 1027 4248 en!
