3048 4856
173 183 374 304 Qeoe
633 216 891 292 venonam
910 213 1094 328 numa.—

296 402 518 480 sobsrstentir,
549 418 584 470 et
612 403 814 481 substantia,
835 403 971 477 ,etenim
992 409 1086 474 Deus
1106 422 1177 472 non
1200 411 1282 474 duur
1303 405 1351 472 est
1374 429 1420 476 ον

297 490 353 553 sed
374 486 584 576 fimpliciter,
616 504 650 552 et
671 487 936 556 incircumfinite
960 505 1069 556 totum
1091 486 1131 555 in*
1150 491 1183 555 se
1205 491 1277 579 ipso
1301 513 1419 557 coam·

295 571 412 650 biens,
444 571 590 660 proinde
611 587 646 636 et
666 595 725 638 rex
746 573 932 638 soculoruin
957 573 1099 647 dicitur,
1138 589 1296 672 tanquam
1319 574 1356 640 in
1383 576 1421 640 se

295 657 386 745 ipso,
419 671 453 720 et
485 657 574 722 circa
605 655 748 742 seipsum
772 655 876 722 totius
899 657 980 734 elle,
1018 673 1052 722 et
1074 656 1240 724 existentis
1263 657 1421 722 subditu-

177 771 180 778 ’
296 757 365 806 tor:
397 754 432 804 et
451 763 496 806 ne
520 762 564 804 ue
585 755 673 814 eret,
709 761 821 826 neque
843 739 926 815 erit,
955 763 1067 829 neque
1087 741 1195 806 fectus
1211 733 1278 817 eil,
1301 763 1420 828 neque

295 825 354 900 fit,
377 845 489 922 neque
536 837 591 898 et,
613 823 720 910 magio
742 839 875 899 autern,
897 845 1009 911 neque
1031 824 1091 899 est,
1116 825 1171 889 led
1192 823 1262 912 ipse
1284 825 1329 888 ell
1352 825 1420 892 effe

298 907 533 984 existentibus,
556 921 592 970 et
611 928 682 971 non
706 905 877 971 existentia
899 907 1024 986 totum,
1055 908 1111 972 led
1133 907 1143 970 i
1172 909 1242 974 lum
1264 909 1327 972 elle
1350 908 1421 973 exi·

296 989 454 1056 stentiurn
483 1013 524 1055 ex
554 1006 633 1054 ente
655 988 1064 1056 aeternaliter-existente:
1099 933 1169 1077 ipli
1192 991 1282 1060 enirn
1305 991 1350 1056 est
1371 993 1420 1055 se·

296 1077 413 1142 culum
441 1071 630 1140 seculorum
658 1073 828 1138 subsistent¹
856 1089 935 1138 ante
972 1075 1100 1148 leculo,
1145 1074 1225 1161 quia
1255 1074 1418 1140 omnibue

297 1157 530 1232 existentibus,
565 1173 600 1222 et
620 1156 758 1231 leculio,
788 1155 851 1221 ess'e
873 1177 914 1221 ex
930 1157 1138 1255 providente
1159 1158 1219 1221 est:
1257 1173 1292 1222 et
1314 1181 1420 1223 omne

298 1241 437 1330 quidem
458 1241 629 1316 seculum,
653 1256 689 1306 et
704 1254 844 1327 tempus
867 1263 907 1304 ex
927 1241 1000 1327 rpso
1014 1240 1119 1304 totino
1139 1239 1260 1316 seculi,
1284 1257 1318 1304 et
1333 1259 1418 1306 tem·

297 1324 410 1415 poris,
430 1340 465 1390 et
486 1323 597 1390 omnis
618 1339 794 1410 utcunque
815 1323 983 1388 existentis
1004 1322 1063 1410 qui
1085 1323 1138 1396 est,
1162 1340 1241 1388 ante
1264 1319 1302 1390 ὅν
1323 1326 1418 1411 prin·

298 1409 428 1496 cipium
451 1421 485 1473 et
506 1407 622 1482 ceula,
647 1423 680 1472 et
700 1405 815 1472 omnia
838 1406 947 1493 ipsum
969 1405 1175 1495 participant
1191 1421 1259 1482 „et
1279 1429 1298 1472 n
1320 1409 1419 1472 nullo

298 1491 509 1558 existentium
531 1489 677 1564 recedit,
707 1505 745 1556 et
765 1487 837 1586 ipse
860 1490 903 1553 eli
924 1508 1003 1554 ante
1025 1487 1160 1564 omnio,
1186 1505 1221 1553 et
1242 1491 1359 1556 omnia
1379 1491 1419 1556 in

298 1577 332 1641 le
363 1573 556 1640 constituitr
592 1588 626 1637 et
655 1571 848 1658 [impliciter
875 1572 974 1660 fiquie
1006 1587 1181 1658 utcunque
1213 1573 1256 1636 ell
1279 1573 1315 1638 in
1338 1591 1421 1640 ante

299 1659 475 1732 existente,
498 1672 533 1720 et
556 1656 610 1729 est,
635 1671 669 1720 et
679 1653 892 1739 intelligitur,
917 1672 951 1720 et
966 1656 1140 1720 salvetur”.
1162 1659 1205 1721 Et
1223 1659 1325 1742 poulo
1344 1658 1419 1745 poll

298 1738 570 1828 primordialium
584 1738 756 1802 causarum
775 1738 1046 1823 explanationem
1063 1737 1168 1813 addit,
1192 1739 1308 1806 dicent
1329 1742 1420 1816 „elle

299 1839 413 1888 autem
444 1821 554 1906 ipsum
585 1819 801 1882 existentibus
834 1821 992 1882 omnibus
1027 1843 1202 1916 nunquam
1242 1823 1417 1898 deseritur,

158 1912 161 1921 “
192 1931 195 1938 ’
297 1905 408 2005 iplum
429 1923 510 1966 vero
533 1902 596 1966 elle
621 1915 762 1964 errante
784 1899 960 1975 existente,
983 1903 1079 1964 etab
1105 1905 1177 1987 rplo
1199 1905 1344 1982 estolle,
1382 1923 1421 1972 et

206 2003 209 2010 ’
297 1985 527 2078 pnncipium,
552 1999 587 2050 et
607 1984 762 2050 mensura
784 1998 863 2047 ente
885 1978 1175 2060 effentiem'‘ON,
1198 2003 1233 2052 et
1252 2010 1322 2053 non
1346 1989 1419 2076 ipse

300 2074 383 2148 elle,
416 2085 452 2133 et
481 2089 560 2133 cum
581 2069 683 2132 habet
705 2067 785 2140 elle,
815 2081 850 2130 et
872 2059 931 2141 ὅν,
963 2083 997 2130 et
1019 2067 1210 2144 existentis,
1245 2087 1279 2134 et
1301 2071 1417 2149 seculi,

301 2156 346 2223 est
378 2149 533 2220 omnium
563 2147 827 2216 substantificum
847 2148 1074 2236 principium,
1109 2166 1143 2216 et
1169 2153 1350 2232 medietae,
1382 2173 1419 2221 et

299 2233 562 2306 consummatio:
586 2249 621 2299 et
641 2249 821 2330 propterea
843 2236 883 2297 ab
907 2233 1048 2319 eloquiis
1070 2233 1140 2320 ipse
1162 2259 1240 2300 vere
1263 2255 1341 2303 ente
1364 2234 1416 2318 ὄν,

297 2327 391 2406 juxta
413 2340 550 2384 omnem
572 2315 784 2382 exilientium
805 2315 914 2386 intelli
941 2316 1065 2382 entiam
1088 2319 1344 2417 multiplicatur.
1372 2327 1419 2388 Et

284 2436 286 2444 v
323 2405 394 2468 uod
421 2415 493 2466 erat
519 2399 556 2464 in
587 2398 682 2485 ipro.
715 2414 749 2461 et
772 2401 865 2484 quod
887 2339 948 2474 esi,
979 2415 1013 2464 et
1034 2405 1126 2487 quod
1148 2419 1229 2478 ent,
1267 2421 1301 2470 et
1323 2411 1418 2494 quod

300 2427 427 2554 iactum
450 2483 504 2557 est,
526 2497 561 2546 et
583 2483 632 2558 fn,
653 2497 688 2546 et
709 2481 769 2545 liet
788 2482 926 2630 proprie
943 2483 1118 2550 laudatur:
1141 2488 1224 2550 haec
1240 2488 1330 2554 enirn
1344 2513 1414 2556 orn·

299 2570 358 2638 nie
388 2565 553 2632 divinitus
581 2563 787 2650 intelligenti
814 2587 852 2629 ue
883 2566 1067 2632 seeundum
1092 2589 1226 2634 ornnem
1249 2574 1417 2658 excogita·

301 2652 431 2720 tionem
452 2648 562 2736 ipsum
585 2645 898 2736 supereffentialiter
919 2650 984 2714 elle
1003 2650 1207 2738 fignificant,
1232 2671 1267 2719 et
1287 2658 1416 2744 ubique

302 2731 513 2826 eristentium
535 2732 722 2807 causalem
745 2731 872 2798 etenim
896 2756 1007 2820 neque
1028 2735 1165 2822 quidem
1187 2738 1230 2801 est
1246 2742 1323 2815 hoc,
1347 2745 1415 2808 hoe

300 2836 414 2887 autem
447 2837 518 2882 non
547 2815 608 2892 est,
642 2837 752 2902 neque
781 2813 830 2880 ibi
860 2815 997 2904 quidem
1027 2817 1088 2894 est,
1123 2819 1173 2886 ibi
1206 2839 1318 2889 autern
1341 2849 1413 2892 non

301 2905 366 2979 en;
389 2902 447 2966 led
468 2904 583 2966 omnia
604 2899 664 2976 est,
688 2913 722 2963 et
745 2901 883 2966 caulalio
907 2900 1079 2976 omniurn,
1104 2919 1137 2968 et
1157 2903 1193 2968 in
1210 2905 1283 2992 ipio
1298 2910 1413 2974 omnia

325 2983 489 3073 rineipia,
525 3005 643 3050 ornnes
670 2985 919 3060 concludoneo,
956 2985 1069 3050 omnia
1099 2987 1270 3054 existentia
1303 3013 1414 3058 coam·
1489 3053 1490 3070 ,

324 3069 415 3145 ient,
445 3084 480 3133 et
500 3067 702 3155 perhibenr;
735 3083 769 3131 et
791 3067 826 3132 [ιι
853 3090 889 3134 er
909 3069 1024 3134 omnio
1047 3070 1108 3149 est,
1136 3087 1276 3138 utente
1297 3077 1413 3143 omnia

300 3157 400 3244 super
421 3151 634 3218 edentialiter
655 3151 752 3237 super
774 3141 844 3217 3νῦ

363 3256 415 3302 eo.
452 3235 615 3322 Quisquis
643 3237 766 3298 horum
797 3236 1167 3326 verborumtvirtutem
1195 3243 1273 3329 pers
1296 3245 1413 3321 exerit,

299 3319 350 3390 nil
373 3318 466 3385 aliud
485 3317 631 3416 reperiet
652 3318 809 3395 suadere,
832 3317 936 3386 immo
957 3323 1197 3419 pronuntiare,
1219 3325 1256 3389 ni
1302 3325 1412 3414 ipsum

299 3408 412 3469 Deum
435 3423 589 3466 omniurn
610 3403 772 3466 factorem
795 3403 878 3480 effe,
903 3419 937 3467 et
956 3428 993 3470 tn
1017 3407 1173 3472 omnibus
1196 3409 1343 3476 facturn=
1376 3430 1411 3478 et

301 3489 383 3552 dum
405 3487 503 3571 super
525 3484 640 3550 omnia
661 3485 850 3570 quaeritur,
885 3485 921 3552 in
943 3491 1036 3554 nulla
1058 3489 1233 3556 invenitur
1254 3493 1410 3562 ellentiat

166 3567 177 3580 ”
261 3597 263 3602 ·
299 3572 455 3634 nondum
477 3568 567 3636 enim
590 3569 634 3632 ell
655 3569 734 3643 elle,
758 3572 838 3634 durn
862 3592 942 3636 vero
964 3571 1000 3638 in
1022 3573 1178 3640 omnibus
1195 3575 1409 3666 intelligitur,

299 3651 351 3718 nil
385 3651 422 3718 in
453 3651 501 3718 eie
531 3652 593 3718 nifi
616 3653 703 3717 soluo
724 3651 794 3736 ipse
816 3654 967 3730 subsistit,
999 3671 1033 3720 et
1053 3679 1165 3746 neque
1186 3659 1230 3723 est
1250 3663 1334 3735 hoc,
1370 3679 1411 3728 ut

300 3735 348 3801 rit
374 3735 449 3812 ille,
484 3740 551 3802 hoc
573 3751 685 3802 eutem
709 3758 779 3802 non
802 3737 863 3812 ell,
898 3737 954 3803 sed
976 3741 1089 3806 omnio
1113 3741 1172 3816 eli,
1204 3743 1349 3829 proinde
1370 3767 1411 3812 ex

298 3819 630 3918 luperellentialitate
659 3821 736 3918 luae
765 3835 904 3918 naturae
934 3821 1065 3920 l”.q¹¹²
1095 3825 1220 3924 dicitur
1252 3849 1323 3893 non
1347 3831 1410 3896 elle

298 3905 759 4056 llll‘tltlttl‘ltnl
774 3907 1251 4060 tltlltl⁸lllt²ltlffl
1264 3929 1409 4048 “⁰³¹5

297 4002 582 4160 iilligeirtiae.pet
603 4070 756 4138 omnium
777 4094 863 4161 quoe
879 4019 1411 4161 infirimordinibuo'eaimfi'l'lgl·

298 4155 416 4222 fiderat
436 4155 592 4250 Gnostiee
612 4153 781 4232 Thouria.
804 4153 929 4226 deinde
949 4179 990 4226 ex
1009 4157 1282 4248 primordialibur
1304 4165 1408 4234 mulie
1488 4189 1489 4200 ¹
