3038 4828
428 300 430 308 ·
515 257 629 330 *ruer
653 255 839 336 ream..
1143 227 1221 328 ‘aaa

110 443 266 535 quamvis
287 442 379 510 enim
401 443 498 508 intcr'
511 441 751 510 obscuritatem
771 441 960 517 caularum,
981 457 1017 506 et
1036 435 1221 506 claritatem

111 531 303 596 effectuum·
318 525 437 593 divisio
459 527 678 614 intelligatur,
703 543 737 591 et
757 525 965 600 differentia3
983 545 1077 597 ‚unae
1095 539 1220 600 tamen,

110 616 270 702 idemque
291 609 362 676 dieo
384 611 446 686 est,
477 613 544 676 hoc
566 611 625 687 est,
658 630 746 675 unua
769 631 883 674 eorum
906 609 1120 682 intellectua;
1147 629 1219 672 non

110 697 203 762 enim
226 694 290 760 alia
313 709 463 760 creatura
480 693 688 781 'intelligitur
708 693 745 758 in
767 695 869 767 causta
892 693 997 767 facta,
1030 691 1093 754 alia
1114 690 1151 754 in
1175 691 1222 754 ef·

110 781 257 846 fectibua
287 779 458 843 causarum
490 777 650 854 condita,
681 778 738 842 led
769 799 837 842 una
860 779 1043 862 eademque
1064 774 1100 839 in
1122 774 1223 840 ratio·

106 864 211 930 nibua
230 861 403 936 aeternio,
420 861 528 924 veluti
548 860 584 928 in
607 859 808 948 quibuadam
831 857 1222 925 tenebriefecretiffimae

110 946 295 1033 sapientiae
307 994 317 1024 ,
331 937 502 1030 'omnique
521 943 699 1023 intellectu
719 957 870 1009 remotae
888 944 1014 1017 factae,
1038 957 1071 1006 et
1092 941 1128 1005 in
1146 961 1223 1028 pro·

106 1029 310 1096 cefflonibua
345 1027 486 1092 rationia
504 1025 561 1107 'fin‘
580 1027 719 1092 effectur
740 1023 969 1092 inlellectibua
989 1027 1222 1102 succumbens,

105 1112 217 1180 veluti
230 1113 274 1178 in
296 1114 440 1199 quadam
463 1109 873 1196 alie²perfectaenotitiae
888 1109 1105 1176 manifestata.
1128 1111 1223 1174 Haec

110 1213 228 1262 autem
259 1198 301 1261 de
329 1217 348 1260 o
375 1194 485 1259 eribua
500 1193 608 1280 'primi
629 1193 854 1292 intelligibilia
875 1193 954 1280 Diei
975 1213 1146 1293 congrua,
1180 1205 1222 1257 ut

107 1279 253 1369 opinor,
275 1219 579 1366 intelligentiarum
623 1277 916 1363 roporuonalitate
936 1277 1069 1342 addin:
1090 1297 1162 1342 non
1182 1289 1224 1341 ut

106 1387 226 1430 meum
248 1363 397 1437 faulum,
422 1383 462 1426 ex
484 1383 539 1426 me
559 1301 633 1448 ipio
655 1377 843 1446 repertum,
880 1358 1223 1426 aliorum-intellecti·

106 1453 174 1514 bua
202 1446 306 1511 velim
333 1445 520 1532 praeferre,
558 1447 651 1532 quod
679 1446 775 1521 ablit;
810 1445 866 1508 scel
894 1445 1105 1508 confiderem
1132 1441 1223 1508 veria

107 1527 457 1615 contemplationibus
477 1549 549 1592 non
566 1529 748 1608 admodum
760 1527 919 1602 rebllere,
941 1525 1224 1612 primordialium·

108 1635 179 1704 que
211 1613 383 1678 caularum
415 1611 451 1675 in
486 1610 626 1677 effectae
658 1610 711 1676 hia
740 1609 991 1698 profu'fionibua
1025 1613 1067 1676 de
1099 1608 1224 1698 'quibua

106 1717 206 1763 nunc
236 1696 367 1784 agimus
396 1695 590 1761 convenire.-
641 1699 685 1760 D.
713 1699 767 1759 De
798 1694 956 1781 operibus
985 1693 1009 1757 6
1035 1692 1223 1780 primorum

107 1780 253 1846 Dictum
273 1777 434 1865 quoniath
455 1779 573 1856 multi,
597 1793 631 1843 et
652 1799 787 1865 graece,
810 1795 845 1842 et
868 1775 974 1841 latine
993 1779 1101 1841 multa
1124 1798 1223 1863 expo·

108 1865 224 1938 suere,
257 1859 424 1935 breviter,
459 1863 501 1924 et'
520 1861 807 1926 succinctenun'c
829 1857 1073 2006 disputandum
1093 1859 1156 1936 eil,
1189 1875 1225 1924 et
1253 1939 1255 1944 Ι
1368 1886 1391 1924 ,-

109 1949 206 2034 quod
235 1947 280 2008 de
300 1942 505 2030 primaluce
526 1963 545 2006 a
567 1958 600 2007 te
623 1944 752 2008 dictum
774 1933 873 2018 attavi
899 1957 973 2007 etur
990 1942 1077 2007 mibi
1097 1943 1224 2009 suffice·

107 2049 168 2132 re,
182 2029 259 2128 ‘five
280 2025 515 2092 conditionem
527 2029 636 2127 'hujus
658 2025 743 2091 lucia
765 2045 946 2116 corporeae
967 2025 1224 2124 substantialiter

109 2137 151 2262 ll
165 2113 405 2286 riilia’effl
424 2105 1225 2284 lithini:liubin-'ulitur

108 2303 190 2348 rum
219 2277 257 2342 in
288 2275 426 2340 effectae
454 2275 531 2340 [που
562 2278 752 2362 generalem
780 2272 1023 2360 proeelhonem
1048 2275 1223 2361 fignificet,

91 2364 385 2451 ·qualemcunque
426 2361 550 2424 horum
585 2358 809 2424 intellectum
825 2357 901 2445 quia
935 2357 1123 2426 obtinuerit
1151 2381 1224 2441 uon
1312 2417 1315 2424 r

108 2451 216 2534 longe
237 2467 256 2509 a
276 2442 418 2508 veritate
440 2440 581 2516 distabit.
609 2473 613 2486 ·
780 2461 811 2479 '·
927 2451 933 2465 '
1013 2515 1019 2526 ,
1156 2507 1160 2518 ,
1189 2469 1202 2486 ··

178 2529 230 2594 ab.
251 2528 299 2593 Μ.
321 2529 549 2591 Transeamus·
566 2539 647 2613 ergo
668 2527 711 2591 ad
732 2525 873 2591 secundi
893 2523 972 2592 Diei
989 2526 1225 2595 confideretio'·

111 2635 214 2689 nem,
239 2631 278 2676 ac
297 2609 391 2698 priua
409 2609 594 2677 ¹(licendum
617 2609 662 2673 ell
681 2613 774 2698 quod
795 2612 837 2675 de
859 2609 1055 2698 Allegoricia
1075 2611 1226 2678 intellec·

113 2697 210 2763 tibur
238 2694 424 2762 moralium·
445 2692 785 2779 interpretationum,
820 2695 914 2758 nulla
939 2716 1034 2759 nunc
1052 2695 1152 2760 nobie
1174 2695 1226 2760 in·

40 2815 43 2820 ·
114 2779 228 2846 tentio
253 2778 322 2853 est,
336 2793 338 2801 ’
354 2778 410 2842 sed
442 2780 483 2842 de
512 2777 587 2840 fola·
601 2795 713 2840 rerum
729 2777 896 2841 factarum
917 2776 1089 2842 creatione
1110 2780 1226 2844 secun·

49 2883 56 2900 ·
114 2859 389 2930 dum'hilloriam
409 2875 517 2960 pauca
536 2859 688 2924 differere
709 2863 773 2924 deo
796 2863 884 2925 duce
896 2879 1068 2926 conamur.
1091 2865 1135 2928 D.
1152 2865 1227 2927 Nec

115 2951 187 3012 hoc
213 2964 336 3034 quaero
367 2945 444 3011 laua
474 2940 571 3008 enim·
596 2963 615 3007 a
645 2943 668 3006 l.
691 2941 842 3029 patribus
864 2944 1046 3009 (letalium
1068 2943 1227 3032 allegoria

117 3029 166 3096 est
193 3045 315 3096 actum.
369 3030 419 3094 M:
444 3031 573 3094 Dinia·
627 3049 710 3114 oque
733 3030 832 3093 Deus
842 3027 916 3120 fiat
926 3027 1171 3120 finnamentum
1192 3032 1228 3094 in

114 3115 227 3180 ηιιᾱίο
248 3133 423 3200 aquam,
445 3127 480 3178 et
497 3111 574 3178 'cltv‘
597 3125 636 3176 at
655 3133 759 3198 aquas
779 3112 822 3176 ab
840 3114 952 3198 aquis,
976 3125 1011 3175 et
1020 3105 1227 3203 sentilam

107 3199 367 3293 firmamentum.
409 3199 462 3262 De
490 3196 703 3262 firmamento
724 3217 842 3262 omnes
862 3193 1069 3261 unanimiter
1089 3199 1228 3264 consen·
1312 3265 1316 3273 ,

116 3279 559 3452 lttz’rgltllllssbl
576 3279 919 3429 illtmllulll
938 3279 1229 3432 llsssstlhla

115 3447 305 3514 volubilem
333 3447 487 3534 undique
515 3461 627 3511 totum
655 3451 833 3512 mundum·
849 3445 1052 3512 ambientem
1064 3389 1092 3525 ,p
1103 3447 1229 3516 choria-

118 3553 188 3619 que
218 3531 376 3596 astrorum
404 3543 557 3596 ornatam
586 3531 816 3608 solummodo,
855 3529 912 3594 alii
942 3546 1054 3596 totum
1082 3533 1100 3596 i
1121 3534 1229 3599 atium

115 3617 208 3680 ultra
235 3619 384 3691 Lunam,
426 3614 487 3678 ubi
512 3615 727 3700 Planetarum
754 3607 931 3702 Corpora,¹
956 3631 991 3679 et
1022 3635 1082 3680 cur
1097 3640 1136 3682 ua
1164 3618 1229 3682 elle

117 3701 282 3774 credunt,
313 3719 392 3764 cum
420 3697 493 3786 iplo
523 3713 671 3763 extremo
698 3698 828 3764 ambitu
847 3699 1005 3775 fiderem,
1039 3698 1097 3764 alii
1118 3715 1231 3767 totum

116 3781 223 3848 inane
266 3785 335 3846 uod
357 3779 445 3847 circa
468 3795 591 3846 terram
610 3781 770 3860 volvitur,
792 3784 860 3848 hoo
882 3781 936 3858 est,
961 3790 1045 3860 aera,
1070 3797 1105 3848 et
1117 3787 1229 3850 aetbe-

115 3887 176 3942 ra,
205 3804 534 3952 luilimiffimamque
553 3865 726 3953 sphaeram
745 3887 817 3932 uno
839 3867 1007 3932 vocabulo
1026 3865 1232 3935 firmamenti

116 3949 363 4036 comprehendi
383 3964 584 4032 autumant3
614 3971 685 4014 non
708 3949 801 4016 enim
822 3947 922 4028 alibi,
946 3966 988 4015 ut
1008 3948 1125 4029 aiunt,
1149 3951 1232 4038 legi·

117 4047 194 4108 tur.
215 4032 388 4110 Aetheria,
412 4049 447 4098 et
465 4030 558 4099 aeria
580 4031 755 4110 conditio,
783 4053 886 4122 quare
907 4049 1020 4099 autem
1040 4035 1101 4100 tali
1122 4033 1232 4103 nomi-

115 4133 346 4214 nayocatur,
367 4132 471 4205 prout
489 4113 678 4205 unicuique
698 4115 808 4183 visum
830 4117 890 4196 eli,
913 4117 961 4182 ita
977 4118 1149 4218 exposuitt
1171 4114 1230 4182 alii
1263 4125 1267 4134 '

119 4201 261 4285 quadem
281 4215 414 4290 praeter
433 4199 708 4274 sutentationem
727 4223 889 4291 aquarum
911 4201 1138 4290 superiorum,
1172 4217 1231 4266 ve·
