3038 4832
478 261 586 331 Liber
605 257 804 337 semrom.
941 292 946 304 ⁸
1125 261 1198 332 188

101 451 134 512 de
159 443 288 544 bugella
315 443 430 512 dixill'e
459 461 573 533 aperte
602 431 884 546 nonurepcrltur..
921 437 1070 512 Allantec
1091 445 1195 512 etiam

102 545 128 594 et
145 529 360 594 ministrantes
381 532 456 594 Deo
478 529 634 595 coelestes
655 545 798 594 virtutes
816 530 980 615 legimus,
1009 530 1195 596 humanam

98 633 165 677 rero
201 629 353 677 naturam
374 611 411 676 in
432 615 536 678 verbo
559 613 626 678 Dei
647 617 759 678 Deum
782 612 924 688 factam,
961 625 995 674 et
1016 612 1130 676 ledere
1152 616 1196 679 ad

99 699 230 762 dextram
257 695 342 772 nei,
377 712 411 760 ct
436 719 577 784 regnare
607 697 692 762 fides
714 697 849 772 testatur
869 694 1048 760 catholica.
1089 696 1195 782 Quod

97 777 960 952 555555„‘55555555555555555555
975 778 1195 928 {55555

96 949 187 1020 caelo,
217 967 288 1010 non
312 950 354 1011 de
374 911 609 1034 condignitate,
627 964 788 1022 naturae‚·
820 947 878 1038 sed
899 885 1194 1032 deimrnortalita·

96 1030 129 1093 tlt
159 1029 373 1116 aequalitate,
415 1045 449 1095 et
482 1033 574 1116 quod
606 1029 701 1096 omni
729 1031 809 1095 sexu
839 1049 1002 1116 corporeo
1032 1028 1195 1116 omnique
1299 1053 1316 1076 ⁸
1431 1019 1436 1042 ’

96 1111 291 1199 corruptibili
314 1113 532 1200 generatione
554 1117 736 1188 carebunt,
758 1113 1019 1202 intelligendum
1040 1111 1193 1178 arbitror.

95 1196 224 1262 Primam
252 1211 399 1282 namque
425 1195 574 1261 hominia
603 1197 838 1262 conditionem
859 1213 938 1262 ante
958 1212 1136 1284 peccatum
1155 1196 1195 1261 in

94 1280 246 1353 Paradilo‚
270 1283 338 1343 boc
361 1279 423 1353 ott,
445 1279 482 1343 in
506 1281 637 1353 coelesti
658 1279 872 1346 beatitudine
894 1284 1067 1368 aequalem
1084 1284 1194 1367 Ange·

94 1361 144 1437 lia.
171 1383 215 1440 ac*
236 1361 345 1425 veluti
375 1365 628 1428 connaturalem
658 1363 770 1439 fuiffe,
804 1385 877 1431 non
900 1365 944 1429 ett
963 1363 1194 1450 incongruum

95 1448 221 1516 eredere.
263 1449 318 1509 De
338 1444 390 1508 bic
411 1459 557 1532 namque
580 1450 741 1512 ambabus
762 1446 916 1523 naturis.
938 1447 1099 1536 Angelica
1114 1445 1193 1512 dico
1263 1449 1268 1456 ’

95 1532 364 1616 cronchomme,
387 1529 520 1594 Theolo
545 1529 576 1594 ia
597 1529 816 1618 pronuntiat,
854 1530 987 1607 dicens,
1024 1526 1195 1628 Quifeci·

87 1611 131 1699 Jtt
149 1613 248 1678 coelos
270 1617 306 1696 ip
328 1614 512 1685 intellectu,
559 1635 600 1679 oc
622 1616 683 1690 esi,
706 1629 746 1677 ut
768 1613 982 1678 ellentialiter
1004 1615 1192 1678 etlubllan·

96 1693 201 1759 cialiter
228 1694 425 1760 intellectus
456 1698 568 1761 ellent.
613 1697 784 1785 Quoniam
814 1719 895 1763 vero
917 1702 1028 1775 bomo,
1064 1713 1137 1761 cum
1158 1701 1193 1762 in

94 1781 192 1842 bonore
218 1772 327 1870 effeto·
358 1801 422 1842 non
452 1781 637 1856 intellexit,
674 1795 707 1845 et
735 1795 948 1865 comparatus
970 1782 1018 1873 est
1029 1781 1194 1870 jumentis

96 1859 324 1956 instpientr'bus,
349 1873 383 1924 et
392 1859 517 1952 stmilis
526 1855 652 1950 factus
673 1862 722 1964 cst
744 1870 810 1940 eis,
843 1863 947 1952 longe
969 1887 1009 1930 ex
1031 1865 1193 1952 Angelica

95 1945 247 2032 drguitate
260 1943 413 2019 recellit,
434 1947 539 2033 inque
559 1951 710 2014 mortalre
732 1952 832 2028 hujus
853 1949 943 2013 vitae
967 1949 1192 2013 calamitatem

95 2027 210 2101 cecidit.
251 2029 433 2116 Pollquam
460 2047 574 2095 autem
611 2034 754 2100 Verbum
776 2055 853 2096 curo
864 2024 1004 2181 {aenam
1027 2031 1094 2121 est,
1124 2035 1192 2097 hoc

95 2111 142 2184 cll,
161 2115 249 2176 Deua
273 2116 381 2176 bomo
404 2114 511 2178 factus
534 2115 596 2199 ell3
618 2115 664 2178 im
691 2119 780 2179 letur
794 2137 860 2202 quo
898 2116 1076 2180 inPlalmo
1091 2114 1192 2199 lorip-

94 2209 154 2260 ttuu
179 2196 237 2273 est,
281 2199 374 2294 Quid
403 2195 452 2298 cst
479 2201 573 2262 homo
593 2139 688 2280 quoi
702 2221 819 2264 memor
842 2223 877 2264 es
896 2201 987 2299 ejus,
1021 2211 1082 2262 aut
1093 2197 1192 2290 filius

93 2279 231 2350 leminis.
272 2285 354 2366 qula
381 2303 416 2344 vr
433 2295 502 2345 atos
531 2285 627 2346 enm?
669 2280 846 2346 Admiraua
874 2281 1035 2346 videlicet
1088 2282 1192 2344 rimae

94 2363 286 2429 conditionis
308 2369 476 2428 humanae
498 2381 636 2432 naturae
658 2364 891 2438 altitudinem,
915 2303 1189 2457 Minorossicum,

95 2443 203 2532 iuquit,
231 2451 337 2532 perclo
367 2453 473 2512 minus
500 2451 542 2512 ab
573 2451 729 2531 Angelis,
763 2452 830 2512 boc
863 2447 907 2512 ett
927 2446 1090 2512 minorari
1112 2469 1191 2512 eum

95 2529 196 2594 merito
220 2531 297 2597 luae
322 2532 494 2617 superbiae
513 2532 702 2618 permisisti,
727 2532 818 2595 etin
841 2531 1089 2617 turpitudinem
1111 2529 1192 2594 irra-

97 2610 246 2680 tionabilia
274 2617 367 2679 vitae
404 2619 522 2679 cadere
552 2617 608 2679 lua
639 2615 777 2703 propria
807 2613 1190 2700 volur1tatc'·‘reliquisti.

96 2695 180 2759 Deua·
201 2697 293 2762 euim
330 2699 458 2773 lacere,
491 2703 582 2784 quod
614 2699 686 2762 fieri
717 2697 813 2774 unit,
848 2702 952 2764 modo
976 2701 1123 2784 quodam
1143 2699 1193 2761 lo·

97 2781 203 2862 quendi
225 2781 370 2856 dicitur,
398 2782 512 2847 Gloria
533 2796 567 2844 et
585 2785 704 2847 bonore
724 2781 892 2870 coronasti
912 2805 1002 2854 enm,
1026 2795 1059 2844 et
1072 2779 1189 2868 eonsti-

97 2861 174 3005 trulli
199 2889 267 2928 eum
285 2860 398 2956 [ηραν
420 2887 523 2948 opera
549 2889 699 2930 mortuum
720 2879 867 2939 tatarum,
896 2868 1004 2930 omniu
1014 2858 1192 2956 subjecisti
1289 2923 1297 2938 ,

89 2937 127 3034 fu
165 2950 301 3028 pedibus
333 2951 411 3036 ejrcs.
455 2948 599 3012 Videsne
631 2963 795 3033 quantum
826 2951 974 3012 humana
1002 2961 1123 3010 natura
1151 2945 1190 3010 in

96 3027 185 3169 primo
209 3030 353 3096 homine
382 3030 454 3116 poll
484 3046 661 3116 peccatum
683 3030 878 3102 humiliata,
911 3047 945 3094 et
965 3046 1131 3115 quantum
1151 3029 1190 3092 iu

107 3117 219 3178 ecundo
243 3111 404 3186 homine,
435 3111 472 3176 in
496 3113 624 3178 Christo
648 3111 745 3188 dico,
777 3135 838 3199 per
858 3113 998 3200 gratiam
1021 3111 1189 3176 exaltata?

97 3192 248 3280 Siquidem
281 3217 356 3261 non
385 3197 491 3260 folum
522 3199 560 3259 ad
591 3195 768 3282 pristinum
798 3197 875 3261 suae
896 3211 1036 3261 naturae
1059 3195 1189 3274 ilatum,
1222 3249 1226 3266 .

97 3277 206 3364 dequo
228 3279 357 3346 cecidit
375 3283 497 3354 homo,
519 3279 708 3357 restitutue3
736 3301 854 3344 verum
878 3279 980 3344 etiarn
1002 3280 1101 3366 super
1121 3299 1190 3343 om·

99 3381 145 3424 nco
163 3365 314 3428 coelestes
335 3362 479 3426 virtutes
504 3363 678 3429 exaltatus.
717 3361 783 3427 Ubi
806 3362 897 3428 enim
912 3361 1100 3427 abundavit
1113 3381 1190 3448 pec·

97 3457 205 3521 utum,
237 3445 525 3533 superabundavit
551 3447 666 3532 gratia.
711 3447 747 3510 Si
776 3435 880 3533 igitur
900 3451 1048 3510 humana
1069 3461 1189 3510 natura

96 3547 153 3590 non
180 3529 286 3596 lulum
315 3531 357 3594 ad
379 3528 580 3616 dignitatem
602 3530 796 3616 Angelicam
810 3527 856 3593 in
878 3529 1007 3595 Chrillo
1027 3543 1191 3602 renovata

97 3611 250 3692 pervenit,
280 3635 401 3676 verum
423 3611 523 3676 etiarn
544 3615 632 3677 ultra
655 3633 791 3678 omnem
812 3629 1001 3678 creaturam
1019 3613 1056 3677 in
1077 3615 1191 3678 Deum

97 3691 235 3780 allumpta
264 3696 327 3772 est,
362 3712 396 3760 ec
423 3699 515 3783 quod
537 3697 665 3763 laetum
690 3696 790 3762 elliu
814 3697 943 3784 capite,
972 3697 1010 3761 in
1031 3694 1191 3761 membris

99 3773 230 3868 luterum
253 3781 317 3844 elle
337 3778 483 3866 impium
506 3780 550 3844 cll
571 3803 713 3869 negare:
737 3779 821 3868 quid
841 3781 981 3856 mirum,
1006 3777 1190 3846 sabumani

99 3861 271 3928 intellectus
297 3860 352 3927 nil
381 3863 474 3931 aliud
505 3863 586 3940 lint,
618 3864 679 3930 nifi
706 3863 894 3932 ineffabiles
915 3863 1190 3949 incell'abilecqne

98 3944 470 4024 momentaneo,
517 3945 555 4010 ui
576 3947 673 4036 digni
694 3949 773 4014 lunt
792 3947 881 4015 circa
901 3953 1031 4022 Deum,
1065 3953 1189 4030 Inque
1249 3979 1266 4014 ,·

98 3969 576 4122 vigurnecmovcntunetiunt.
594 4031 828 4120 Suntquidem
839 4055 899 4121 per
907 4031 1057 4098 rationes
1068 4027 1191 4117 quibua

100 4109 242 4177 cubant:
259 4129 441 4182 moventur
455 4137 516 4201 per
527 4115 677 4182 rationes
691 4116 868 4192 virtutum.
908 4115 1009 4181 uibus
1023 4117 1112 4179 bene
1125 4109 1191 4176 exi·

102 4187 337 4286 inoportuna:
357 4197 483 4267 vivunt
498 4221 560 4290 per
571 4199 731 4279 rationes,
752 4200 876 4291 quibua
886 4139 1019 4288 iemper
1037 4196 1189 4265 exiliunt.
1202 4203 1217 4222 ⁸
