2866 4822
44 287 47 304 .
105 281 128 328 .
191 357 199 384 .
359 319 362 326 ,
429 242 722 330 minanam.
1014 217 1151 323 aar,

32 445 128 496 otum
150 428 395 503 humanitatem
416 430 522 496 verbo
545 427 663 498 (lirino
685 427 898 526 allumptam.
920 447 959 492 ac
982 449 1042 513 per
1062 431 1129 495 boc
1234 411 1240 432 ⁸
1266 499 1269 512 ¹

32 536 57 577 n
81 513 157 599 ipio
178 513 368 580 iuvandam
388 511 533 594 naturali
553 509 804 586 resurrectionra
826 509 951 576 virtute
973 533 1128 597 coopera-

32 596 123 671 rice,
147 619 232 684 quae
253 598 383 662 nullam
404 611 558 664 naturam
579 593 689 682 perire
709 593 806 670 linit,
830 615 941 680 neque
962 610 1128 681 perpetuu

32 677 137 744 »uniri
161 681 309 756 dixeroa
329 677 414 766 quid
433 679 497 744 erit
518 681 611 766 quod
631 694 785 744 aeternae
807 675 1015 744 damnationi
1036 677 1128 742 attri-

32 763 169 836 matur‘l
199 762 414 850 Divinaeque
441 761 624 850 scriptume
653 759 845 828 auctoritati
875 761 1016 826 refillere
1037 759 1129 826 vide·

32 867 97 921 tor,
131 869 219 933 quae
247 845 484 912 incunctanter
519 839 660 914 diabolo„
690 841 914 931 omnibusque
935 850 1006 926 ejua
1027 866 1131 911 mem·

32 929 104 1004 tria,
125 947 261 996 aeterna
282 945 449 996 tormenta
469 928 618 996 minatur
641 929 703 992 elle
726 927 849 992 futura.
879 925 1047 1002 Siautem
1070 949 1127 992 ne·
1148 953 1164 962 ·

32 1035 86 1099 que
125 1029 230 1079 totam
263 1012 509 1082 humanitatem
544 1012 712 1080 aChrillo
733 1011 927 1097 allumptam
950 1029 1050 1098 atque
1072 1013 1130 1076 lal-

32 1098 184 1172 randam,
206 1118 249 1170 ne
274 1119 316 1162 ue
336 1095 482 1165 naturali
501 1093 751 1162 resurrectionis
772 1093 898 1158 virtute
921 1104 1025 1162 totam
1047 1094 1129 1162 libe·

32 1182 180 1256 ’andam,
212 1120 272 1246 sei
292 1179 504 1268 expertein
527 1177 665 1270 divinae
683 1177 839 1264 imaginie
861 1177 1060 1278 dignitatem
1081 1201 1130 1244 re·

32 1262 192 1360 lituram.
215 1285 254 1328 ex
278 1281 373 1352 parte
393 1264 430 1330 in
452 1279 587 1330 aeterna
608 1261 795 1328 calamitate
816 1278 983 1359 captivam
1001 1284 1129 1328 reman-
1236 1283 1239 1294 ·

34 1369 130 1414 uram
165 1349 334 1433 docuer03
372 1369 490 1412 nonne
520 1345 694 1412 coniellim
724 1367 804 1413 vera
831 1359 916 1410 retro
948 1345 1130 1442 divinaque

32 1429 118 1494 imul
149 1431 329 1496 auctoritas
350 1453 406 1496 me
426 1429 627 1518 redarguet?
661 1427 761 1508 Ratio
774 1425 910 1526 ¹quippe
931 1427 1130 1495 evidentrffi-

32 1535 76 1576 ne
106 1515 225 1589 docet,
254 1514 303 1578 nil
335 1512 481 1581 bonitati
509 1533 654 1599 yereque
677 1509 882 1587 beatitudini
905 1532 944 1574 ex
966 1511 1129 1592 diametro

32 1595 228 1664 :onerarium
250 1613 414 1686 perpetuo
437 1597 500 1662 elle
521 1597 622 1684 polle.
651 1593 793 1662 Bonitas
811 1593 906 1666 ,enim
928 1591 1132 1660 circumscri-

32 1679 73 1744 tit
93 1679 254 1744 malitiam
301 1679 480 1766 eniturque
500 1677 688 1754 consumit,
710 1676 860 1756 fimililcr
882 1675 952 1742 vita
973 1693 1128 1760 mortem,

32 1763 197 1830 rectitudo
226 1703 410 1841 milenum,
438 1759 547 1830 virtue
575 1761 661 1828 vitia
692 1777 971 1846 mortuorumque
1005 1761 1130 1840 causae,

32 1863 219 1933 >ceteraque
247 1845 284 1912 id
312 1867 429 1933 genua.
469 1849 509 1910 ln
540 1847 604 1911 hac
630 1843 703 1910 acie
723 1843 814 1910 inter
834 1847 918 1926 baec
939 1845 1004 1924 tela
1025 1843 1132 1910 veluti

32 1951 62 1994 tx
82 1946 229 2016 utroque
249 1931 353 1994 latere
373 1917 544 2003 continue,
569 1927 729 2013 ignorant
743 1949 819 2016 quc
842 1929 977 1992 tendam
1000 1943 1034 1992 et
1047 1927 1131 2012 quid

32 2014 137 2078 ›otiue
158 2010 297 2097 icquar,
321 2009 439 2076 anxiae
461 2011 615 2089 conlilt03
638 2031 709 2076 non
732 2009 822 2074 enim
841 2008 929 2088 levia
950 2011 1133 2076 confideru-
1158 2025 1159 2033 ’

32 2095 70 2160 :io
101 2095 163 2170 eil,
194 2115 303 2160 unum
333 2115 377 2158 eu
404 2096 539 2164 duobus
566 2089 707 2177 eligere.
742 2103 984 2156 aut'aeternaa
1006 2113 1132 2189 poenae

34 2178 207 2264 inpiorum
228 2177 425 2263 angelorum
446 2191 482 2238 et
501 2173 679 2240 hominum
703 2174 881 2248 destruere.
906 2187 965 2237 aut
981 2173 1131 2242 divinam

32 2261 213 2342 ronutatem
247 2275 284 2336 et
302 2255 567 2331 beatitudiuem.
604 2258 756 2343 absorpta
779 2255 871 2324 omni
893 2255 1020 2322 malitia
1041 2255 1106 2324 mis
1123 2295 1136 2310 ·

32 2347 158 2442 ioque,
190 2364 264 2408 non
292 2341 419 2440 ubique
451 2340 489 2407 itt
518 2340 612 2424 omni
648 2355 796 2406 creatura
818 2356 1041 2425 regnaturam.
1084 2345 1133 2410 M.

32 2427 267 2506 latrenalell03
290 2425 477 2501 ademtlux
496 2421 683 2499 mentium,
707 2443 792 2510 quae
812 2421 984 2490 illuminat
995 2427 1133 2492 abscon·

32 2497 481 2594 lita·teqebrarum..aperit
501 2505 658 2584 abstrusa,
681 2505 857 2593 incognita
877 2509 1023 2583 revelat,
1048 2507 1085 2574 fu

32 2595 270 2676 :ivaqevqcam
292 2589 582 2678 incircumscripta
600 2589 860 2666 circumscribit,
883 2589 1063 2656 indefinita
1103 2613 1133 2658 e·

32 2675 126 2754 buit,
144 2675 306 2772 ¹ambigua
328 2671 371 2740 ad
391 2689 516 2738 certam
537 2677 786 2760 quodammodo
807 2673 1007 2740 sententiam
1020 2677 1134 2755 addu-

32 2762 85 2840 cit.
126 2763 180 2826 bc*
225 2779 349 2828 nutum
378 2755 515 2842 quidem
545 2756 924 2843 contemplarioportet
943 2755 1026 2844 quid
1047 2757 1135 2842 inter

32 2865 90 2911 nuo
119 2849 184 2920 cun
202 2855 314 2910 ectum
335 2837 439 2924 inque
460 2835 687 2904 inconcullam
710 2839 945 2907 definitionem
967 2841 1143 2927 pervenit·

32 2911 110 3013 quiri
139 2927 251 2988 adhuc
280 2923 317 2986 iu
344 2919 523 2986 fluctuanti
547 2921 789 2988 deliberatione
813 2923 968 2998 aestuat„
991 2922 1074 3022 quid
1094 2927 1138 2990 de

32 3025 141 3074 cetero
163 3008 392 3093 quaerendum
413 3003 461 3075 fit.
503 3009 545 3072 D.
568 3005 647 3068 Non
669 3003 767 3070 aliam
789 3021 982 3082 naturarum
1001 3006 1135 3094 inquili-

32 3093 159 3157 tionem
180 3087 267 3154 ratio
291 3085 406 3174 exigit.
456 3089 503 3152 M.
535 3090 646 3154 Multa
668 3087 806 3154 definita
827 3087 1138 3178 rationabiliterque

32 3191 160 3260 reperta
181 3175 218 3238 in
243 3188 300 3238 tua
324 3171 540 3239 deliberativa
556 3170 686 3239 theoria
703 3171 880 3259 perspicio,
905 3173 1136 3259 sedquoniam

32 3263 143 3324 adbuc
170 3255 276 3322 veluti
301 3253 338 3320 in
362 3257 519 3344 ambiguo
543 3255 664 3342 polita,
697 3273 737 3322 ut
758 3255 886 3343 tuipse
907 3253 1043 3332 faterie‚'
1073 3257 1136 3328 tibi

32 3341 204 3418 videntum
226 3339 444 3406 necellarium
465 3337 606 3404 arbitror
628 3361 666 3404 ea
686 3361 721 3404 re
748 3355 837 3404 etere
857 3340 893 3404 in
916 3339 1039 3427 quibua
1059 3341 1138 3406 titu-

32 3430 109 3492 bare
144 3423 286 3508 viderie,
318 3439 358 3488 ut
377 3422 497 3490 ledatie
519 3422 709 3488 animorum
724 3365 908 3498 lluctibue‚
941 3423 1071 3494 firmam
1094 3428 1137 3492 de

32 3510 103 3584 hie,
126 3531 212 3596 quae
231 3506 321 3572 inter
340 3529 403 3574 noa
424 3505 637 3594 quaerimur,
659 3507 825 3594 proferam
847 3507 1071 3584 sententiam
1092 3532 1137 3576 ne

34 3591 174 3658 diutius.
191 3589 421 3678 amphibologi
452 3589 644 3666 videamur,
677 3590 726 3654 nil
750 3593 791 3656 ad
812 3613 934 3676 purum
957 3592 1139 3658 diacutien·

33 3693 93 3742 tea.
135 3679 177 3740 D.
200 3680 249 3738 lta
270 3675 339 3740 fiat.
380 3676 429 3738 M.
453 3671 582 3740 Divino
604 3671 717 3740 animo
741 3675 855 3740 omnia
876 3675 1046 3743 contineri
1064 3677 1136 3744 nul·

32 3763 84 3826 lua
104 3775 193 3824 recte
214 3773 350 3824 naturae
370 3779 482 3824 rerum
502 3755 696 3845 intelligent
721 3755 862 3830 dubitat.
905 3761 948 3824 D.
970 3759 1062 3826 Hinc
1079 3764 1137 3826 du·

33 3843 137 3908 bitere
164 3841 364 3918 ridiculum,
398 3845 480 3910 dum
514 3863 632 3908 omnce
663 3839 829 3928 sapienter
856 3843 951 3908 nullo
974 3846 1076 3910 modo
1100 3841 1136 3906 in

34 3931 100 3996 hoc
122 3924 336 4004 differtiunt,
362 3925 537 3991 audientes
557 3925 751 4012 Apostolum
772 3925 964 3994 dicentem:
987 3929 1044 3991 Ex
1067 3925 1139 4016 ipso

34 4025 69 4074 et
88 4033 146 4092 per
164 4003 270 4100 ipfitm
291 4025 325 4074 et
346 4011 379 4074 in
398 4007 472 4100 ipso
491 4023 525 4074 at
544 4011 591 4077 aa
611 4003 715 4106 ipsum
716 4013 801 4100 suut
813 4015 930 4078 omniu.
958 4009 1139 4092 Dionyliue

35 4093 231 4180 Areopagita
259 4093 407 4180 capitulo
439 4092 581 4182 septimo
603 4095 645 4158 de
666 4095 801 4160 Divinia
823 4093 1043 4168 Nominibus.
1074 4117 1138 4160 om·

37 4181 102 4254 nis,
136 4175 263 4263 inquit,
300 4181 403 4244 animi
423 4191 456 4242 et
478 4181 620 4246 rationis
642 4193 676 4243 et
688 4173 806 4274 sensus
828 4182 932 4245 curnis
952 4177 1068 4242 divina
1084 4171 1137 4268 [a-
