3036 4862
174 644 180 656 '
296 628 450 708 ‘fecundo
477 663 560 708 vero
581 659 703 729 genera

300 207 385 282 aaa
614 207 670 280 oo
690 177 872 280 neum
890 205 1065 280 nonae.

302 391 399 458 tione
426 389 598 479 potamur
632 387 820 480 perspicere
847 412 984 458 onem
1003 389 1190 458 creaturam
1209 391 1247 460 in
1267 391 1412 462 homine
1507 407 1508 420 ¹

301 473 475 542 conditam
503 473 622 542 fuiffet
657 477 743 542 Nam
773 475 798 540 fi
826 475 901 562 quia
923 473 1046 541 dixerit
1067 475 1258 543 universnm
1281 495 1412 544 oreatu-

300 581 372 626 ram
403 557 454 622 bie
485 557 674 634 conditam,
704 555 818 705 ppimp
869 559 984 656 uidem
1019 559 1218 708 specialpter·l
1233 559 1270 626 in
1292 561 1409 710 Ἧι,

717 663 837 705 rerrn
883 663 1015 715 omme,
1048 663 1118 706 non
1156 663 1315 711 actecre
1340 669 1350 708 ι
1377 667 1411 710 e-

301 727 366 792 rim
386 723 510 790 rationi
531 724 723 790 convenire.
766 724 856 810 Quia
876 724 900 789 fi
920 723 969 788 ita
990 724 1051 799 est,
1073 725 1244 813 propriam
1265 729 1428 794 substan:
1478 719 1486 726 ’

318 811 383 876 'am
404 809 506 874 homo
528 829 598 873 non
620 806 777 884 habebit,
800 807 857 872 sed
877 805 942 872 erit
960 801 1068 872 veluti
1090 813 1251 895 quaedam
1271 833 1410 910 compo·

225 948 232 962 .
355 914 375 958 o
407 894 589 956 multarum
609 912 741 966 rerum,
778 889 848 955 imo
871 889 970 954 etium
995 890 1106 956 totius·
1125 909 1293 960 creaturae
1313 917 1410 980 ptrue

262 973 424 1068 Jfactae,
455 991 490 1040 et
519 992 588 1074 una
616 973 793 1060 multiplex
803 973 948 1071 ,diverlia
968 971 1085 1038 formie‘
1107 975 1336 1122 eragfieratio:
1358 993 1409 1072 ‘et

298 1055 638 1228 tulll'lt‘ltlsst
658 1058 1002 1228 phttlltsslfft
1021 1057 1087 1216 ll?
1107 1057 1409 1228 'iiiesshiviqi'i

300 1225 378 1289 dem
407 1223 564 1290 conditor
594 1227 675 1288 dum
696 1219 754 1298 lit,
780 1238 825 1286 et
844 1223 1019 1320 plusquam
1041 1223 1232 1307 perfector,
1269 1227 1405 1288 nullum

298 1307 535 1396 imperfectum
562 1303 722 1372 credibile
744 1305 786 1370 eli
808 1305 1008 1379 condidrllc,
1039 1309 1209 1404 quomodo
1231 1306 1339 1371 veluti
1359 1308 1409 1372 le·

291 1391 445 1456 'cendam
467 1389 545 1456 luae
564 1387 771 1456 conditionis
791 1389 1032 1474 perfectionem
1054 1411 1090 1452 tn
1107 1389 1246 1454 homine
1261 1385 1405 1476 aceepit,

298 1474 358 1561 qui
386 1489 552 1540 extremus
584 1471 622 1536 in
652 1469 780 1537 divinia
801 1471 1054 1556 operationibus
1075 1489 1224 1537 creatur:
1257 1473 1336 1536 et'fi
1357 1471 1406 1536 ita

200 1621 202 1638 ,
299 1555 361 1632 ell,
383 1577 454 1622 non
480 1555 652 1622 de·rtihilo
666 1553 747 1620 fecit
762 1557 853 1617 Deur
866 1555 1039 1618 hominem
1053 1557 1092 1619 ad
1105 1556 1171 1620 ima
1198 1555 1287 1620 'nem
1302 1557 1405 1629 luam,

298 1639 355 1705 sed
377 1643 418 1704 de
438 1638 491 1702 bie
513 1660 598 1726 quae
619 1653 698 1702 ante
719 1635 827 1722 ipsum
850 1637 936 1700 facta
958 1637 1045 1702 lunt.
1091 1579 1207 1723 Quod1
1216 1639 1240 1702 ll
1261 1638 1335 1725 qdie
1357 1638 1407 1702 di-

297 1721 399 1798 ttorit,
422 1725 608 1784 humanum
630 1741 751 1806 corpur
772 1741 842 1784 non
866 1722 908 1783 de
929 1719 1055 1793 nihilo,
1080 1722 1134 1785 led
1157 1725 1197 1798 de
1213 1720 1324 1808 aliquo
1342 1735 1406 1784 ter-

296 1803 586 1878 reno‚,videlicet
606 1805 679 1868 luto
692 1802 901 1877 ‚conditum
924 1801 1039 1878 suillo,
1064 1803 1145 1890 quid
1170 1803 1320 1869 dicturae
1342 1803 1407 1867 erit

299 1889 342 1951 de
362 1885 495 1952 meliori
516 1885 665 1951 hominio
685 1901 799 1971 parte,
822 1905 908 1972 quae
928 1887 997 1949 dne
1019 1885 1122 1951 dubio
1138 1888 1175 1950 in
1198 1887 1310 1950 anima
1325 1907 1406 1951 con·

296 1969 408 2034 ilituta
430 1969 494 2044 esta
529 1991 630 2060 quam
651 1970 733 2034 flatu
758 1967 894 2042 divino,
926 1968 996 2034 imo
1019 1971 1134 2036 ilatum
1158 1969 1334 2044 divinuin,
1362 1971 1405 2032 de

294 2052 405 2118 nihilo
427 2051 617 2128 conditam,
639 2071 709 2116 non
725 2067 838 2116 autern
853 2053 895 2116 de
909 2052 1020 2138 aliquo
1036 2053 1212 2117 credimur.
1235 2055 1282 2118 M.
1307 2055 1406 2116 Hanc

295 2135 521 2223 quaestionem
534 2138 642 2202 multa
657 2133 719 2198 cali
746 2133 801 2198 'ne
818 2133 1009 2199 inuolutam¹
1020 2135 1145 2208 lentio,
1168 2133 1404 2221 multiplicem·

295 2219 691 2374 lltttisltl‘tthllff‘
703 2219 1103 2384 rttl‘ttblt'ttlti
1126 2219 1246 2385 filii?
1260 2217 1413 2364 hill}

229 2453 232 2464 Ι
296 2383 405 2447 divini
435 2383 575 2448 luminis
601 2381 716 2448 radius
746 2380 907 2454 arriserit,
941 2397 1076 2446 contem
1102 2383 1162 2445 lari
1189 2381 1399 2448 conabimur.

294 2460 343 2530 h'c
363 2464 509 2550 primum
534 2464 624 2529 dicae
648 2463 788 2551 qua'elop
810 2478 923 2526 utrum
939 2477 997 2541 rer
1013 2403 1241 2550 intelligibiles
1257 2467 1315 2529 seu
1329 2465 1402 2529 len,

294 2547 423 2622 flbiles,
453 2547 581 2644 priore'a
610 2549 689 2611 lunt
720 2546 833 2610 animo
864 2545 923 2632 qui
944 2567 998 2617 eae
1019 2546 1197 2694 intellifiit,
1227 2551 1282 2611 vel
1305 2549 1402 2612 sensu

296 2649 363 2718 qno
385 2631 587 2695 sentiuntur.
628 2631 672 2693 D.
694 2628 759 2692 Ubi
780 2629 873 2693 aliud
895 2629 940 2692 est
954 2631 1044 2716 quod
1058 2627 1130 2694 inte
1156 2632 1237 2719 igit,
1261 2647 1294 2694 et
1308 2632 1402 2696 aliud

294 2715 388 2802 quod
407 2711 634 2812 intelligitur,
667 2727 701 2776 et
721 2711 870 2777 melioria
891 2729 1029 2780 naturae
1051 2711 1095 2776 ell
1116 2719 1207 2800 quod
1228 2713 1335 2776 intelli
1361 2713 1400 2790 it,
1507 2789 1508 2798 ἵ

294 2817 394 2896 quarn
416 2799 509 2882 quod
529 2793 752 2882 antelligitur‚
774 2794 979 2882 intelligenti
1002 2795 1113 2861 animo
1135 2799 1193 2861 seu
1213 2797 1308 2862 sensu
1329 2737 1401 2860 fen·
1507 2829 1508 2848 t

293 2877 393 2943 trenti
414 2893 485 2944 rem
507 2877 732 2953 intellectam,
763 2879 821 2942 seu
843 2879 938 2942 sensu
959 2881 1215 2964 apprehensam.
1242 2878 1400 2966 praecedi
1507 2893 1508 2912 ¹

294 2982 367 3027 non
388 2961 578 3048 incongrue
594 2955 744 3032 dixerim.
793 2965 859 3026 Rea
880 2977 991 3026 autern
1013 2957 1097 3048 ipsae
1120 2981 1205 3050 quae
1224 2965 1256 3027 se
1276 2961 1401 3026 intelli·
1507 2963 1508 2970 ’

339 3061 400 3123 nt,
423 3044 459 3110 in
482 3059 647 3132 quantum
666 3045 700 3110 le
721 3044 909 3130 intelligere
930 3043 1068 3130 poffint.
1091 3069 1160 3111 non
1178 3043 1318 3112 dixerim
1334 3045 1398 3108 effe
1507 3061 1508 3072 ¹

292 3066 397 3193 itinn
423 3128 562 3216 priores.
604 3129 691 3192 Nam
714 3127 773 3190 ubi
794 3125 954 3214 recipie,
992 3143 1026 3190 et
1047 3129 1270 3216 suieognitio
1288 3149 1397 3192 unum

292 3210 359 3288 ell,·
414 3211 498 3278 ualia
526 3209 705 3297 praeceffio
737 3209 809 3274 heri
829 3209 936 3294 potest
955 3227 1027 3274 nou
1048 3213 1159 3279 video.
1205 3213 1282 3278 Scio
1304 3209 1397 3275 enim

289 3313 346 3370 nte
412 3315 450 3369 e,
472 3307 537 3356 nec
559 3307 670 3358 tamen
692 3313 746 3356 me
766 3292 938 3378 praeeedit
958 3291 1096 3358 scientia
1117 3295 1201 3362 mei:
1224 3297 1396 3382 quianon

291 3375 385 3440 aliud
408 3376 497 3450 sunt,
528 3381 562 3438 et
583 3375 676 3442 aliud
696 3375 835 3464 scipntia
856 3397 922 3462 qua
941 3395 995 3440 me
1016 3377 1103 3453 scio,
1132 3393 1167 3442 et
1189 3379 1213 3442 [ι
1233 3377 1397 3443 nescirem

192 3529 194 3532 ,
289 3471 345 3523 me
368 3459 447 3534 effe,
469 3469 541 3522 non
562 3457 724 3524 nescirem
747 3455 902 3545 ignorare
923 3479 978 3523 me
1000 3461 1080 3535 elle3
1104 3479 1142 3526 ac
1163 3481 1224 3547 per
1245 3465 1312 3529 hoc
1327 3460 1396 3525 five

289 3539 434 3620 loirero}
456 3540 523 3604 lire
543 3540 716 3606 nescivero
737 3563 792 3616 tue
814 3543 892 3618 elle,
915 3541 1053 3606 scientia
1075 3565 1144 3608 non
1167 3547 1303 3620 carebo,
1331 3543 1395 3608 mi·

286 3620 448 3702 bip-enirn
466 3623 670 3708 iremanebit
689 3619 1032 3711 loireignorantiam:
1069 3627 1158 3698 Etli
1180 3645 1282 3692 omne
1303 3630 1396 3714 quod
1507 3649 1508 3670 ¹

311 3704 394 3771 otest
421 3705 551 3778 nescire
572 3707 615 3772 le
643 3707 754 3794 ipsum
785 3706 934 3782 nescire,
967 3729 1038 3773 non
1060 3709 1164 3793 potest
1184 3707 1339 3796 ignorare
1361 3692 1423 3774 lex
1507 3763 1508 3780 ,

285 3727 398 3875 ipsum
418 3789 499 3865 edm
521 3807 603 3870 nam
623 3791 647 3854 fi
667 3789 805 3878 penitus
825 3813 896 3856 non
919 3792 1015 3868 ess'et,
1039 3811 1108 3855 non
1131 3791 1228 3874 seirat
1249 3792 1393 3879 leiplurn

287 3871 433 3950 nesciret
448 3873 665 3946 -tonficitun
696 3871 838 3940 omnino
861 3875 1047 3940 effeomne
1070 3873 1163 3961 quod
1180 3873 1242 3940 scit
1258 3879 1296 3942 -l'e
1318 3877 1392 3952 effe,

285 3955 341 4020 r'el
357 3955 423 4019 doit
440 3956 477 4018 lo
496 3955 625 4020 nescire
645 3957 680 4020 le
701 3957 774 4022 elle.
801 3955 930 4045 Siquit
951 3973 1061 4023 autem
1084 3974 1177 4024 tanta
1198 3957 1391 4046 ignorantia

286 4039 426 4102 obrutus
449 4038 510 4113 est;
541 4053 582 4102 ut
603 4053 668 4106 net
688 4039 832 4128 seipsum
853 4041 916 4105 elle
935 4039 1032 4118 sciat,
1055 4061 1119 4106 neo
1140 4041 1222 4108 loire
1245 4043 1391 4130 seipsum

287 4121 349 4185 effe
370 4119 517 4196 'tertiora
548 4137 608 4188 aut
635 4122 772 4210 ponitur
803 4125 904 4190 talem
924 4143 994 4190 non
1018 4125 1079 4190 effe
1101 4127 1293 4204 hominem,
1328 4143 1388 4191 aut
