3048 4856
310 237 390 312 230
530 239 531 244 ’
639 234 898 306 ceetomone
919 235 1092 308 Noltoae.

313 423 417 488 verbo
448 419 513 488 Dei
543 436 678 490 aeterna
705 419 879 495 conditio,
908 421 946 489 in
1001 441 1046 486 uo
1076 419 1192 504 omnia
1224 415 1259 484 e't
1294 433 1440 492 aeterna
1509 501 1510 508 ἵ

313 507 408 571 simul
431 521 464 568 et
485 505 572 570 facta
594 505 657 572 effe
679 527 781 572 nemo
803 502 956 576 fidelium
978 443 1081 570 lebet
1108 504 1284 592 ignorare3
1316 527 1438 590 quam·

313 589 365 655 vis
386 609 457 654 non
479 587 649 676 intelligat
670 611 736 677 qua
758 587 893 654 ratione
913 604 1048 668 aeterne
1069 588 1147 654 [unt
1161 587 1268 662 facts,
1294 603 1329 652 et
1342 589 1439 658 lactu

313 671 393 738 sun't
416 689 572 738 aeternat
608 675 675 740 hoc
697 671 790 740 enim
810 673 872 741 loli
893 675 1016 749 verbo,
1038 671 1076 738 in
1098 692 1166 760 quo
1188 687 1223 743 et
1243 670 1333 738 facts
1354 671 1441 738 sunt
1509 695 1510 702 ¹

314 773 349 827 et
370 772 504 821 aeterne
526 756 703 842 cognitum
724 757 777 824 est.
1008 759 1018 800 ²
1509 773 1510 832 g

291 841 294 848 “
375 845 418 906 D.
451 845 502 907 De
524 840 724 906 conditione
744 836 970 904 universitatis
992 838 1030 902 in
1052 838 1176 912 verbo,
1208 851 1243 900 et
1265 838 1308 902 de
1330 851 1440 906 aeter·
1509 841 1510 846 ’

241 917 252 1002 ’,
312 923 422 994 nitate
450 923 616 990 rationem
648 946 719 990 non
751 943 894 1010 quaero;
930 943 1035 988 nemo
1065 920 1157 986 enim
1178 921 1285 1006 potest
1307 920 1437 996 dicere,

313 1011 485 1094 quomodo
514 1023 648 1079 aeterna
687 1023 722 1072 et
741 1008 829 1092 facta
851 1006 939 1070 lunt.
981 1007 1124 1074 Modum
1146 1025 1294 1094 namque
1315 1003 1439 1074 condi·

313 1091 419 1158 tionis
447 1114 559 1158 rerum
584 1091 620 1156 in
642 1093 746 1156 verbo
768 1089 863 1155 nulla
884 1103 1036 1156 creatura
1057 1087 1231 1152 rationalis
1254 1087 1311 1151 seu
1333 1087 1439 1152 intel·

312 1175 466 1252 lectualia
489 1176 594 1262 potest
617 1195 841 1262 cognoscere,
864 1171 926 1236 loli
947 1171 1109 1271 fiquidem
1124 1169 1291 1256 gnosticae
1310 1169 1439 1236 virtuti

340 1274 426 1336 atet3
461 1281 527 1345 qua
556 1280 638 1324 vero
670 1257 803 1323 ratione
837 1258 1071 1342 compellimur
1093 1253 1191 1320 fateri
1213 1269 1349 1320 aeterna
1369 1255 1438 1320 elle

312 1282 401 1408 licta
433 1341 469 1406 in
506 1345 611 1407 verbo
633 1341 699 1406 Dei
721 1361 845 1428 quaero
868 1340 891 1403 fi
912 1340 1019 1426 potest
1037 1335 1197 1402 inveniri.
1241 1339 1325 1402 Non
1341 1337 1440 1404 euim
1469 1353 1472 1358 '

314 1429 358 1490 de
379 1424 649 1514 primordialium
672 1425 845 1490 causarum
866 1410 1114 1508 multiplicibus
1136 1419 1313 1488 effectibus
1331 1418 1368 1486 in
1385 1443 1438 1486 re·

312 1511 377 1574 bus
399 1509 585 1574 vilibilibus
608 1524 642 1574 et
662 1505 886 1572 invilibilibus
907 1528 1002 1571 nunc
1021 1504 1153 1592 egitur,
1175 1501 1213 1568 in
1227 1501 1351 1590 quibus
1364 1524 1438 1570 om·

312 1593 372 1656 nie
394 1593 481 1657 facta
505 1594 566 1657 effe
586 1613 688 1657 nemo
714 1587 917 1676 sapientium
940 1588 1083 1655 dubitet.
1126 1589 1177 1652 Eo
1197 1607 1344 1672 namque
1361 1607 1436 1654 mo·

314 1674 360 1737 do
395 1675 551 1758 praesens
591 1671 737 1761 quaestio
777 1671 860 1737 lolvi
887 1674 978 1758 polle
1005 1671 1159 1748 videtur,
1198 1669 1299 1757 liquis
1327 1671 1439 1755 pollet
1509 1711 1510 1718 κ

312 1753 401 1818 veris
432 1755 622 1820 rationibus
651 1760 772 1820 docere
794 1755 909 1822 omnio
931 1756 969 1820 in
992 1751 1216 1838 quantumin
1238 1753 1342 1834 verbo
1366 1751 1437 1817 Dei

314 1834 489 1898 subsistunt
509 1837 545 1896 in
567 1837 747 1918 principiis
770 1836 855 1906 suis,
879 1837 917 1894 in
941 1845 1074 1896 tantum
1097 1849 1232 1901 aeterna
1254 1835 1316 1900 effe
1334 1833 1437 1911 intel·

313 1917 451 2003 ligenda
474 1918 569 1992 lunt3
591 1915 627 1978 in
652 1927 817 2000 quantum
838 1934 920 1978 vero
941 1913 979 1978 in
1002 1913 1143 1982 effectus
1164 1917 1262 1993 luos,
1294 1917 1360 1984 five
1382 1918 1438 1984 in·

316 1999 530 2086 telligibiles,
553 1999 620 2062 tire
642 1995 826 2071 sensibiles,
848 1993 886 2062 in
909 1995 1030 2062 ordine
1051 2013 1244 2086 temporum
1261 2023 1438 2088 pergene-

314 2084 482 2148 rationem
504 2083 716 2167 procedunt,
739 2078 775 2143 in
798 2094 932 2145 tentum
952 2081 1041 2146 facta
1062 2081 1159 2159 sunta
1185 2082 1295 2149 itaut
1315 2105 1436 2152 eorum

315 2165 494 2233 aeternitas
525 2164 562 2228 in
594 2167 714 2228 verbo·
731 2163 862 2228 domini
892 2163 1102 2251 praecederit
1126 2187 1242 2232 eorum
1266 2166 1436 2234 conditio·

314 2273 394 2314 nem
423 2249 459 2314 in
489 2247 608 2314 ordine
639 2246 866 2328 saeculorum,
901 2249 969 2312 live
998 2247 1201 2314 invilibilem
1230 2251 1329 2337 supra
1357 2273 1434 2330 nos,

315 2335 381 2398 stre
401 2329 564 2406 visibilem
587 2331 772 2394 secundum
793 2351 856 2395 nos
877 2333 1046 2396 mundum
1066 2331 1259 2418 implentes.
1291 2338 1362 2399 lem
1374 2357 1434 2400 ve·

314 2437 353 2480 ro
383 2412 544 2500 quoniam
572 2411 653 2476 talia
679 2411 777 2476 fateri
797 2434 878 2478 vera
898 2436 963 2480 uos
984 2436 1057 2480 non
1078 2414 1156 2480 linit
1176 2415 1280 2492 ratio,
1312 2419 1451 2484 clamet-

314 2497 429 2572 enim,
468 2512 502 2560 et
533 2493 699 2560 veriffime
733 2497 855 2560 clamat
876 2519 949 2564 uon
971 2499 1079 2564 solum
1101 2498 1335 2585 primordiales
1356 2523 1434 2568 ceu·

315 2583 383 2655 sas,
405 2579 627 2644 verumetiam
649 2599 764 2642 earum
786 2577 945 2658 effectus,
968 2597 1003 2646 et
1022 2583 1119 2659 loca,
1145 2598 1180 2646 et
1201 2598 1364 2681 tempora,
1386 2587 1434 2650 el-

313 2661 454 2740 lentias,
486 2677 520 2728 et
549 2661 763 2738 substantias,
789 2665 857 2728 hoc
884 2664 948 2740 est,
980 2687 1103 2752 genere
1127 2666 1375 2754 ‘generaltffima
1397 2685 1433 2734 et
1491 2745 1493 2748 ¹

309 2749 484 2838 ¹generales
506 2747 649 2822 formas,
681 2760 716 2808 et
736 2745 863 2832 species
884 2747 1128 2833 specialissimas
1150 2739 1211 2836 p‘or
1232 2749 1433 2818 individuos
1509 2765 1510 2782 ¹

216 2839 219 2852 '
312 2851 472 2898 numeror
490 2851 569 2896 cum
591 2829 750 2896 omnibus
771 2829 1004 2902 accidentibus
1026 2832 1093 2896 suis
1107 2833 1330 2914 naturalibus,
1346 2851 1431 2898 erut
1509 2841 1510 2854 ¹

313 2914 508 3003 simpliciter
538 2913 665 2988 dicam,
695 2933 797 2980 omne
824 2918 917 3001 quod
947 2915 991 2979 est
1023 2914 1060 2980 in
1082 2915 1298 2982 univerfitate
1318 2940 1432 2987 rerum

314 2999 528 3066 conditarum
549 2999 617 3063 five
638 2997 749 3076 sensu,
772 2999 839 3064 five
859 2997 1036 3064 intellectu
1056 3002 1225 3076 humano,
1256 3003 1310 3066 vel
1331 3023 1430 3090 ange-

312 3083 379 3149 lico
409 3081 739 3169 comprehendatur,
776 3082 845 3148 live
876 3103 1013 3148 omnem
1042 3083 1193 3160 sensum,
1226 3103 1432 3172 omnemque
1509 3143 1510 3160 ,

312 3165 437 3232 mentis
468 3166 574 3232 aciem
606 3167 764 3240 excedat,
797 3180 832 3230 et
859 3181 973 3232 tamen
1003 3165 1180 3232 conditum
1203 3165 1303 3234 estin
1325 3171 1429 3236 verbo

315 3249 445 3316 domini
468 3264 502 3314 et
523 3250 623 3313 semel
646 3262 680 3311 et
698 3247 793 3314 fimul
816 3264 991 3316 aeternum
1008 3265 1042 3314 et
1054 3252 1183 3318 facturn
1201 3252 1274 3327 elle,
1298 3267 1333 3316 et
1344 3275 1431 3316 nun·
1509 3283 1510 3296 κ

313 3355 414 3420 quam
443 3349 543 3396 erunt
575 3347 710 3396 aeterna
740 3347 875 3412 ernon
905 3335 1011 3410 facta,
1050 3356 1162 3420 neque
1191 3335 1281 3402 facta
1302 3351 1429 3401 ernon

312 3433 465 3490 aeterna,
489 3416 539 3480 nil
561 3415 654 3480 eliud
673 3414 901 3501 relinquatur,
924 3418 986 3483 nili
1007 3432 1047 3480 ut
1067 3433 1244 3505 quaeratur
1257 3441 1327 3484 non
1346 3440 1429 3505 quo·

221 3525 226 3536 *
311 3503 414 3566 modo
441 3500 505 3564 smt
538 3513 674 3564 aeterna
701 3499 868 3576 etfama,
901 3502 957 3566 led
979 3523 1044 3587 qua
1064 3501 1197 3566 ratione
1218 3501 1375 3568 dicantur
1396 3521 1432 3568 et

314 3583 399 3648 facta
422 3598 456 3648 et
478 3596 623 3646 aeterna.
667 3585 716 3647 M.
740 3585 841 3649 Facta
863 3583 1024 3652 dicuntur
1044 3589 1138 3666 juxta
1158 3586 1267 3651 sacrae
1288 3583 1428 3673 scriptu·

310 3687 368 3732 rae
397 3665 636 3732 authoritatem
663 3667 941 3752 pronunciantis,
971 3684 1012 3732 ut
1031 3667 1153 3738 iisdem
1175 3669 1335 3757 exemplis
1357 3686 1429 3736 uta·
1509 3663 1510 3712 ³

312 3773 398 3816 mur.
441 3755 484 3816 In
502 3753 670 3832 principio
683 3747 780 3838 fecit
800 3757 898 3818 Dens
918 3753 1041 3824 coelam
1064 3769 1112 3835 et,
1127 3767 1259 3820 terram.
1307 3757 1429 3824 Omnia
1509 3787 1510 3830 t

312 3839 347 3898 in
363 3827 538 3926 sapientia
554 3829 691 3924 Ι[σεψί.
716 3841 824 3900 omnio
844 3859 905 3916 per
925 3839 1030 3924 ipjum
1042 3829 1258 3930 factasunt.
1300 3843 1343 3904 In
1364 3861 1427 3920 quo

313 3933 428 3983 creata
438 3912 525 4010 sunt
548 3925 657 3982 nutsu'a
678 3942 761 4004 qttae
771 3915 856 4012 sunt
876 3925 911 3984 in
931 3921 1030 3984 coelis
1052 3934 1086 3986 et
1107 3925 1142 3986 in
1158 3937 1270 3997 terra,
1292 3919 1365 4010 fior
1378 3926 1429 3986 vi·

304 4000 424 4092 fibilia
434 3999 513 4101 five
534 4002 731 4093 inuisibilia,
753 4021 787 4070 et
800 3995 903 4072 multa
922 4005 1134 4094 hujusmodi:
1155 4009 1297 4072 modum
1313 4021 1427 4075 autem
1509 4019 1510 4022 ’

314 4102 349 4150 et
379 4101 547 4154 rollonem
577 4087 785 4154 conditionis
808 4087 962 4156 omnium
983 4087 1019 4155 in
1041 4091 1146 4155 verbo
1171 4087 1303 4160 domini
1324 4089 1425 4166 dicat,

315 4169 371 4256 qni
393 4169 516 4257 potem
540 4191 603 4258 ego
626 4173 733 4240 fateor
754 4176 838 4240 haec
858 4193 912 4240 me
934 4171 1062 4238 nelcire
1084 4171 1225 4242 audiens
1240 4169 1425 4263 apostolum
