2866 4822
432 237 540 310 tates
559 240 721 324 (Μαίη
1044 241 1125 316 481
1180 320 1191 334 ,
1259 251 1265 260 ”

385 341 396 372 Ι

19 409 123 490 saeue
151 422 247 500 snut,
278 423 316 488 in
336 423 579 494 resurrectione
599 421 749 492 bominis
770 432 850 495 cum
868 405 1009 492 bomine
1030 441 1065 496 et
1083 426 1150 502 in,
1197 423 1209 440 “
1266 437 1278 478 ἰ
1314 424 1317 441 ’

19 503 154 570 bomine
173 506 436 582 reversurasa'in
457 507 580 596 quibus
601 509 679 608 plus
701 505 859 574 animalia
880 507 994 574 omnia
1010 509 1123 576 dicen·

19 587 56 650 da
79 589 157 654 sunt
177 589 334 656 animalis
356 591 438 666 esse,
477 613 577 678 quam
598 614 635 656 sn
656 591 733 678 ipss
756 589 931 656 effectibus
953 593 1123 679 corporeis

19 690 54 734 ac
75 671 293 738 sensibilibus.
336 673 402 738 Ubi
424 673 515 738 euim
537 673 726 749 subfislunt,
749 673 799 738 ibi
819 673 982 740 veraciter
998 675 1123 741 anima·

19 750 58 815 lia
88 753 174 822 sunt.
222 751 384 824 Similiter
412 759 454 822 de
486 757 643 822 omnibus
663 755 870 821 sensibilibus
893 759 958 821 site
979 759 1124 824 coelesti·

19 837 77 932 but
105 838 172 904 five
200 837 340 904 terrenis
373 832 644 926 intelligendum.
693 839 817 904 Omnia
847 839 1009 926 siquidem
1058 863 1123 907 uae

19 920 96 1005 locis¹
142 919 421 1010 temporibusque
462 922 660 996 variantur,
703 921 940 1010 corporeisque
976 865 1123 991 senibus
1167 969 1175 978 -

19 999 256 1080 .”uccumbunt,
286 1025 356 1070 non
386 1003 476 1091 ipsae
497 1027 549 1072 res
571 1003 799 1070 substantiales
819 1027 964 1092 vereque
986 1007 1123 1072 eristen·

19 1103 77 1158 zer,
107 1087 165 1152 sed
187 1086 333 1176 ipsarum
354 1109 465 1154 rerum
484 1110 563 1152 vere
584 1088 796 1153 existentium
841 1093 981 1156 uaedam
1004 1089 1123 1156 transi·

19 1165 119 1233 toriae
146 1169 313 1260 imagines
331 1185 366 1235 et
384 1170 618 1236 resultationes
638 1112 861 1258 intelligenia
884 1173 972 1238 sunt.
1015 1175 1122 1254 cajus

19 1248 154 1348 [ationis
176 1257 366 1342 exemplum
391 1254 436 1319 esl
455 1275 522 1320 vox
543 1258 682 1340 ejusque
706 1253 818 1342 imago
862 1275 926 1321 uae
947 1277 966 1320 a
987 1255 1127 1342 Graecis

19 1327 91 1421 mci
123 1353 285 1404 vocatur:
314 1337 372 1402 seu
393 1357 534 1424 corpora
554 1335 770 1436 ipsorumque
791 1277 929 1403 tamisae
949 1361 1035 1425 quse
1054 1341 1123 1406 stre

21 1437 45 1478 n
74 1439 162 1503 puro
185 1428 260 1485 aere
281 1419 458 1496 formatae,
492 1421 558 1485 sive
580 1422 622 1486 de
644 1442 661 1484 a
687 1442 760 1496 urs,
798 1421 864 1488 live
887 1425 928 1488 de
949 1421 1123 1508 qualicun-

19 1518 76 1582 que
97 1523 134 1566 re
154 1507 250 1570 unde
272 1503 380 1570 solent
400 1503 573 1578 resultare,
594 1443 777 1568 resultant:
800 1525 885 1590 quae
907 1520 1029 1569 cuncta
1050 1525 1122 1570 non

19 1602 80 1658 es,
104 1585 163 1651 sed
182 1587 283 1652 salsae
302 1609 415 1651 rerum
434 1583 599 1674 imagines
614 1588 800 1674 probantur
816 1587 888 1652 elle.
912 1591 1027 1673 ltaque
1039 1589 1123 1652 scut

19 1665 177 1752 magines
207 1691 331 1735 vocum
359 1671 564 1756 umbraeque
595 1689 636 1734 co
679 1691 775 1734 urunt
798 1691 859 1756 per
881 1669 913 1734 se
934 1691 1004 1736 non
1026 1669 1123 1737 subfi-

19 1745 118 1826 lunt‚
145 1752 226 1840 quia
246 1750 423 1817 substantia
444 1774 515 1818 uon
537 1752 632 1816 sunt:
680 1773 859 1850 ccorpors
879 1752 938 1816 isle
957 1752 1122 1818 sensibilia

19 1831 118 1897 reluti
139 1858 253 1902 rerum
274 1835 515 1900 subsistentium
559 1837 700 1900 uaedam
721 1835 955 1900 similitudines
976 1836 1064 1911 sunt,
1088 1849 1144 1900 et·

19 1933 69 1996 aer
89 1915 123 1981 se
146 1919 314 1984 subsilere
336 1917 504 1983 nesciunt.
579 1939 633 1982 am
654 1933 689 1982 et
711 1921 859 1982 humana
879 1939 1020 2004 corpora
1035 1937 1122 2016 quse

22 1998 164 2065 ocaliter
186 2000 436 2066 distenduntur.
458 1999 676 2064 incrementis
693 1999 981 2086 decrementisque
992 2021 1123 2073 nanan-

19 2101 88 2158 zur,
121 2098 157 2148 et
178 2097 380 2158 moventur,
411 2081 538 2170 species
559 2101 694 2168 quoque
713 2081 850 2146 illorum
871 2081 938 2146 sive
958 2081 1123 2169 generalis

22 2161 65 2258 lla
87 2187 190 2253 quam
212 2163 326 2231 omnia
340 2171 488 2252 'corpora
508 2166 655 2228 bumana
668 2161 889 2260 participant,
913 2164 979 2228 five
999 2165 1016 2228 s
1038 2163 1122 2230 ecia·
1195 2160 1201 2172 ¹
1289 2225 1293 2234 ,

19 2267 49 2336 ts
85 2269 152 2335 qua
180 2248 385 2346 singulorum
413 2267 593 2336 corporum
627 2245 797 2335 quantitas
827 2247 1017 2312 circumseri
1043 2245 1122 2324 itur,

19 2349 47 2392 n
67 2333 313 2398 resurrectione
333 2331 447 2396 sutura
470 2351 542 2396 nou
563 2331 660 2395 subtr
682 2329 739 2394 sed
760 2327 797 2394 in
814 2327 1007 2416 spritualem
1026 2345 1123 2394 natu·

19 2431 103 2492 tam,
137 2425 224 2504 quae
244 2413 328 2481 locis
351 2413 643 2504 temporibusque,
674 2409 821 2511 propriis
843 2433 978 2500 quoque
998 2411 1123 2500 specie·

19 2515 93 2571 tus,
123 2520 210 2587 quac
239 2521 279 2564 ex
309 2498 468 2586 qualitate
501 2512 535 2561 et
567 2511 755 2584 quantitate
786 2495 982 2572 sumuntur,
1015 2491 1124 2562 nescit
1199 2526 1202 2540 ·

19 2576 262 2656 :ircumrcribi,
293 2579 470 2646 transitura
501 2579 565 2644 else
585 2578 746 2644 naturalis
757 2579 853 2644 «ratio
875 2581 1004 2644 edocet.
1046 2579 1125 2644 Hoc
1184 2627 1190 2642 ,

19 2677 128 2729 autem
158 2663 301 2730 dicimus
325 2683 396 2728 non
416 2661 671 2750 praescribendo
693 2660 874 2726 sententias
896 2683 1033 2738 eorum,
1086 2657 1124 2726 ui

19 2742 110 2809 aliter
124 2749 174 2812 ‘de
193 2743 436 2810 resurrectione
457 2765 637 2830 corporum
652 2747 792 2810 omnino
808 2743 993 2830 disputant.
1030 2683 1125 2808 tir·

19 2841 111 2890 mant
142 2825 234 2894 euim
264 2829 410 2892 bumana
437 2847 578 2911 corpora
607 2827 645 2892 in
678 2849 716 2892 et
737 2824 926 2914 quantitate
946 2840 981 2890 et
1000 2823 1123 2912 specie,

19 2907 49 2971 in
72 2931 140 2996 qus
160 2913 426 2996 unumquodque
448 2907 589 2984 cecidit,
621 2910 736 2974 sutura
757 2909 836 2973 etse:
866 2908 1046 2995 sexumque
1067 2927 1126 2974 ee·

19 3013 108 3070 rum,
146 2991 279 3058 virilem
307 2992 384 3058 dico
412 2989 705 3080 foemineumque,
746 2990 999 3078 permansurum
1027 3005 1125 3056 autu·

19 3091 120 3140 mant.
162 3079 216 3140 De
268 3073 367 3140 uibus
398 3075 609 3162 postmodum
629 3072 977 3140 commemorabimus.
1020 3074 1125 3160 Quod

19 3174 129 3224 sutem
151 3097 306 3238 animilia
328 3181 366 3224 ea
387 3158 518 3224 ratione
539 3179 603 3246 qua
623 3155 876 3254 diximus,·ho·c
896 3155 940 3220 cll
961 3155 998 3222 in
1017 3155 1123 3222 ceusu

19 3239 82 3308 suis
104 3243 228 3307 iterum
249 3243 362 3306 sutura
384 3241 478 3317 suast
501 3263 542 3304 en
556 3239 672 3316 ,verbis
688 3239 804 3304 Sancti
818 3239 970 3323 Dionysii
983 3239 1124 3316 incunc-

19 3339 126 3391 tanter
147 3325 317 3425 possumus
340 3321 574 3424 argumentari.
590 3383 600 3406 ,
618 3321 777 3409 capitulo
809 3323 900 3387 sexto
922 3325 964 3388 de
984 3321 1123 3389 Divinis

19 3407 222 3476 Nominibus
251 3411 293 3474 de
329 3409 444 3473 divina
464 3405 535 3471 vita
556 3403 741 3494 disputans.
784 3407 1037 3482 Immortalium,
1068 3404 1122 3470 iu-

19 3490 111 3574 quit,
134 3490 325 3576 ongelorum
345 3494 420 3556 vita
440 3501 475 3552 et
494 3490 727 3554 immortalitas
748 3501 782 3552 et
798 3491 1004 3571 imperdibile
1017 3485 1124 3581 ipsum

19 3578 186 3656 angelicae
234 3596 343 3659 emper
372 3575 526 3640 snotiossis
551 3596 593 3636 eu
622 3575 699 3654 ipa
728 3572 844 3636 divina
872 3573 1027 3638 videlieet
1045 3575 1123 3638 vitu

19 3667 55 3718 et
79 3678 140 3741 per
167 3661 203 3744 ip
221 3682 275 3724 om
305 3655 355 3748 est
374 3649 593 3748 etsubssllits
634 3657 643 3675 ⁶
690 3657 753 3720 'co
774 3669 808 3726 et
826 3650 1122 3751 viventessemper
1221 3663 1228 3672 '

20 3750 56 3801 et
83 3744 283 3810 immortales
311 3743 485 3806 dicuntur:
512 3753 546 3804 et
572 3760 637 3804 nun
660 3739 859 3804 immortales
879 3742 1017 3818 iterum
1047 3761 1124 3826 qno-

19 3823 110 3887 niam
128 3847 192 3890 non
211 3821 372 3972 ssll’fis
390 3823 762 3901 hobentjimmortuliter
782 3815 846 3916 effe
867 3835 900 3886 et
912 3827 1125 3910 aeternaliter

20 3909 153 3982 vivire,
179 3903 223 4002 se
276 3935 318 3976 ex
347 3911 420 3974 vivi
445 3931 485 3970 ca
513 3921 548 3972 et
573 3911 678 3973 totius
697 3907 790 3970 uitae
802 3905 948 3992 factrice
970 3922 1003 3971 et
1022 3912 1124 3972 conti·
1206 3963 1209 3968 .

19 3993 170 4057 nuutrice
188 4015 248 4055 can
264 4016 295 4058 u.
321 3995 371 4059 Et
405 4005 474 4055 scut
493 3994 527 4055 in
549 3983 623 4058 ivre
644 3991 800 4066 dicimus,
821 3989 951 4076 success
970 3991 1013 4053 de
1025 3985 1123 4080 effen·

22 4078 75 4137 tia
103 4088 287 4142 tractantes
315 4079 326 4155 (
338 4071 377 4145 ὅν
399 4079 484 4140 enim
504 4097 527 4139 o
550 4077 685 4142 Graecis
706 4068 843 4167 effectio
863 4073 1006 4146 dicitur,
1033 4071 1127 4164 ficut

25 4172 58 4222 et
80 4151 219 4244 sisoim)
237 4163 317 4247 quio
335 4173 370 4228 st
389 4159 531 4252 ejusdem
553 4153 617 4256 effe
639 4155 688 4248 est
707 4151 869 4254 causaliss
877 4153 935 4252 stc
955 4171 989 4221 et
1003 4155 1052 4224 ibt
1066 4158 1127 4221 ite·

637 4279 676 4346 31
