<?xml version="1.0" encoding="UTF-8"?>
<!DOCTYPE html PUBLIC "-//W3C//DTD XHTML 1.0 Transitional//EN"
    "http://www.w3.org/TR/xhtml1/DTD/xhtml1-transitional.dtd">
<html xmlns="http://www.w3.org/1999/xhtml" xml:lang="en" lang="en">
 <head>
  <title>
</title>
<meta http-equiv="Content-Type" content="text/html;charset=utf-8" />
  <meta name='ocr-system' content='tesseract 3.04.00' />
  <meta name='ocr-capabilities' content='ocr_page ocr_carea ocr_par ocr_line ocrx_word'/>
</head>
<body>
  <div class='ocr_page' id='page_1' title='image "./dedivisionenatu00eriggoog_0462.png"; bbox 0 0 2970 4826; ppageno 0'>
   <div class='ocr_carea' id='block_1_1' title="bbox 284 217 1187 530">
    <p class='ocr_par' dir='ltr' id='par_1_1' title="bbox 284 153 1187 530">
     <span class='ocr_line' id='line_1_1' title="bbox 284 217 1187 316; baseline 0.002 -15"><span class='ocrx_word' id='word_1_1' title='bbox 284 237 291 278; x_wconf 68' lang='grc' dir='ltr'><strong>ι</strong></span> <span class='ocrx_word' id='word_1_2' title='bbox 488 230 780 316; x_wconf 65' lang='lat' dir='ltr'>uenenum</span> <span class='ocrx_word' id='word_1_3' title='bbox 1049 217 1051 224; x_wconf 84' lang='grc'><strong>’</strong></span> <span class='ocrx_word' id='word_1_4' title='bbox 1108 229 1187 303; x_wconf 75' lang='lat' dir='ltr'>teo</span> 
     </span>
     <span class='ocr_line' id='line_1_2' title="bbox 316 370 950 530; baseline -0.009 -22"><span class='ocrx_word' id='word_1_5' title='bbox 316 417 554 530; x_wconf 77' lang='lat' dir='ltr'>mutan</span> <span class='ocrx_word' id='word_1_6' title='bbox 586 370 950 526; x_wconf 69' lang='lat' dir='ltr'>&#39;ortmann</span> 
     </span>
    </p>
   </div>
   <div class='ocr_carea' id='block_1_2' title="bbox 79 571 1201 1179">
    <p class='ocr_par' dir='ltr' id='par_1_2' title="bbox 84 571 1188 670">
     <span class='ocr_line' id='line_1_3' title="bbox 84 571 1188 670; baseline 0.002 -28"><span class='ocrx_word' id='word_1_7' title='bbox 84 602 113 644; x_wconf 88' lang='grc' dir='ltr'>ι.</span> <span class='ocrx_word' id='word_1_8' title='bbox 134 581 183 648; x_wconf 62' lang='lat' dir='ltr'>Mt</span> <span class='ocrx_word' id='word_1_9' title='bbox 277 607 337 648; x_wconf 86' lang='lat' dir='ltr'>une</span> <span class='ocrx_word' id='word_1_10' title='bbox 357 603 434 666; x_wconf 83' lang='lat' dir='ltr'>argo</span> <span class='ocrx_word' id='word_1_11' title='bbox 455 572 607 670; x_wconf 76' lang='lat' dir='ltr'>neforto</span> <span class='ocrx_word' id='word_1_12' title='bbox 627 581 744 670; x_wconf 80' lang='lat' dir='ltr'>mittat</span> <span class='ocrx_word' id='word_1_13' title='bbox 758 571 1010 670; x_wconf 77' lang='lat' dir='ltr'>mmmmsuom.</span> <span class='ocrx_word' id='word_1_14' title='bbox 1032 590 1067 642; x_wconf 81' lang='lat' dir='ltr'>et</span> <span class='ocrx_word' id='word_1_15' title='bbox 1077 575 1188 670; x_wconf 72' lang='lat' dir='ltr'>[aaut</span> 
     </span>
    </p>

    <p class='ocr_par' dir='ltr' id='par_1_3' title="bbox 79 665 1201 1179">
     <span class='ocr_line' id='line_1_4' title="bbox 296 665 1188 749; baseline -0.003 -18"><span class='ocrx_word' id='word_1_16' title='bbox 296 671 396 742; x_wconf 85' lang='lat' dir='ltr'>etiarn</span> <span class='ocrx_word' id='word_1_17' title='bbox 417 667 460 730; x_wconf 81' lang='lat' dir='ltr'>de</span> <span class='ocrx_word' id='word_1_18' title='bbox 479 669 570 749; x_wconf 84' lang='lat' dir='ltr'>ligno</span> <span class='ocrx_word' id='word_1_19' title='bbox 590 667 703 742; x_wconf 82' lang='lat' dir='ltr'>vitoe,</span> <span class='ocrx_word' id='word_1_20' title='bbox 727 678 761 728; x_wconf 85' lang='lat' dir='ltr'>et</span> <span class='ocrx_word' id='word_1_21' title='bbox 780 666 950 738; x_wconf 82' lang='lat' dir='ltr'>comedat,</span> <span class='ocrx_word' id='word_1_22' title='bbox 980 676 1014 726; x_wconf 86' lang='lat' dir='ltr'>et</span> <span class='ocrx_word' id='word_1_23' title='bbox 1033 665 1131 728; x_wconf 81' lang='lat' dir='ltr'>vivat</span> <span class='ocrx_word' id='word_1_24' title='bbox 1153 669 1188 728; x_wconf 79' lang='lat' dir='ltr'>in</span> 
     </span>
     <span class='ocr_line' id='line_1_5' title="bbox 82 745 1188 845; baseline 0.003 -35"><span class='ocrx_word' id='word_1_25' title='bbox 82 757 258 816; x_wconf 74' lang='lat' dir='ltr'>aetermam.</span> <span class='ocrx_word' id='word_1_26' title='bbox 300 754 431 816; x_wconf 87' lang='lat' dir='ltr'>Horum</span> <span class='ocrx_word' id='word_1_27' title='bbox 451 751 631 816; x_wconf 87' lang='lat' dir='ltr'>verborum</span> <span class='ocrx_word' id='word_1_28' title='bbox 652 747 846 845; x_wconf 71' lang='lat' dir='ltr'>priusquam</span> <span class='ocrx_word' id='word_1_29' title='bbox 862 745 1094 834; x_wconf 86' lang='lat' dir='ltr'>propheticam</span> <span class='ocrx_word' id='word_1_30' title='bbox 1109 769 1188 813; x_wconf 82' lang='lat' dir='ltr'>con·</span> 
     </span>
     <span class='ocr_line' id='line_1_6' title="bbox 84 829 1201 931; baseline 0.002 -37"><span class='ocrx_word' id='word_1_31' title='bbox 84 831 283 916; x_wconf 88' lang='lat' dir='ltr'>templemur</span> <span class='ocrx_word' id='word_1_32' title='bbox 303 833 483 909; x_wconf 80' lang='lat' dir='ltr'>virtutem,</span> <span class='ocrx_word' id='word_1_33' title='bbox 507 853 574 931; x_wconf 85' lang='lat' dir='ltr'>qua</span> <span class='ocrx_word' id='word_1_34' title='bbox 594 831 851 896; x_wconf 82' lang='lat' dir='ltr'>manisestrssime</span> <span class='ocrx_word' id='word_1_35' title='bbox 872 829 1000 897; x_wconf 84' lang='lat' dir='ltr'>reditue</span> <span class='ocrx_word' id='word_1_36' title='bbox 1021 833 1201 908; x_wconf 86' lang='lat' dir='ltr'>humanae</span> 
     </span>
     <span class='ocr_line' id='line_1_7' title="bbox 83 913 1188 1001; baseline 0.004 -25"><span class='ocrx_word' id='word_1_37' title='bbox 83 929 223 980; x_wconf 86' lang='lat' dir='ltr'>naturae</span> <span class='ocrx_word' id='word_1_38' title='bbox 252 915 287 982; x_wconf 88' lang='lat' dir='ltr'>in</span> <span class='ocrx_word' id='word_1_39' title='bbox 313 917 452 984; x_wconf 78' lang='lat' dir='ltr'>eandem</span> <span class='ocrx_word' id='word_1_40' title='bbox 473 915 688 989; x_wconf 78' lang='lat' dir='ltr'>felicitatem,</span> <span class='ocrx_word' id='word_1_41' title='bbox 722 937 820 1001; x_wconf 88' lang='lat' dir='ltr'>quam</span> <span class='ocrx_word' id='word_1_42' title='bbox 841 915 1013 1000; x_wconf 88' lang='lat' dir='ltr'>peccando</span> <span class='ocrx_word' id='word_1_43' title='bbox 1035 913 1188 998; x_wconf 86' lang='lat' dir='ltr'>perdide·</span> 
     </span>
     <span class='ocr_line' id='line_1_8' title="bbox 79 997 1187 1084; baseline 0.002 -24"><span class='ocrx_word' id='word_1_44' title='bbox 79 1012 148 1072; x_wconf 87' lang='lat' dir='ltr'>rat,</span> <span class='ocrx_word' id='word_1_45' title='bbox 170 997 396 1084; x_wconf 74' lang='lat' dir='ltr'>promittitu13</span> <span class='ocrx_word' id='word_1_46' title='bbox 420 998 524 1066; x_wconf 86' lang='lat' dir='ltr'>totiua</span> <span class='ocrx_word' id='word_1_47' title='bbox 546 997 685 1083; x_wconf 89' lang='lat' dir='ltr'>capituli</span> <span class='ocrx_word' id='word_1_48' title='bbox 702 1001 784 1064; x_wconf 89' lang='lat' dir='ltr'>ordo</span> <span class='ocrx_word' id='word_1_49' title='bbox 801 997 1111 1084; x_wconf 71' lang='lat' dir='ltr'>praemonstrandus</span> <span class='ocrx_word' id='word_1_50' title='bbox 1132 999 1187 1077; x_wconf 84' lang='lat' dir='ltr'>est,</span> 
     </span>
     <span class='ocr_line' id='line_1_9' title="bbox 79 1077 1190 1179; baseline 0.003 -37"><span class='ocrx_word' id='word_1_51' title='bbox 79 1077 117 1143; x_wconf 91' lang='lat' dir='ltr'>in</span> <span class='ocrx_word' id='word_1_52' title='bbox 140 1102 207 1166; x_wconf 81' lang='lat' dir='ltr'>qno</span> <span class='ocrx_word' id='word_1_53' title='bbox 228 1105 384 1171; x_wconf 87' lang='lat' dir='ltr'>magnam</span> <span class='ocrx_word' id='word_1_54' title='bbox 407 1085 615 1179; x_wconf 76' lang='lat' dir='ltr'>Prophetum</span> <span class='ocrx_word' id='word_1_55' title='bbox 637 1081 776 1178; x_wconf 75' lang='lat' dir='ltr'>Moysen</span> <span class='ocrx_word' id='word_1_56' title='bbox 791 1083 836 1164; x_wconf 85' lang='lat' dir='ltr'>by</span> <span class='ocrx_word' id='word_1_57' title='bbox 862 1079 1007 1146; x_wconf 82' lang='lat' dir='ltr'>erbatice</span> <span class='ocrx_word' id='word_1_58' title='bbox 1022 1083 1190 1176; x_wconf 60' lang='lat' dir='ltr'>Ineptum,¹</span> 
     </span>
    </p>
   </div>
   <div class='ocr_carea' id='block_1_3' title="bbox 81 1162 1322 1335">
    <p class='ocr_par' dir='ltr' id='par_1_4' title="bbox 81 1162 1322 1335">
     <span class='ocr_line' id='line_1_10' title="bbox 82 1162 1322 1252; baseline 0.009 -28"><span class='ocrx_word' id='word_1_59' title='bbox 82 1162 234 1250; x_wconf 86' lang='lat' dir='ltr'>quiaquia</span> <span class='ocrx_word' id='word_1_60' title='bbox 256 1181 354 1234; x_wconf 84' lang='lat' dir='ltr'>acute</span> <span class='ocrx_word' id='word_1_61' title='bbox 375 1165 598 1252; x_wconf 73' lang='lat' dir='ltr'>prospexerit,</span> <span class='ocrx_word' id='word_1_62' title='bbox 623 1163 786 1231; x_wconf 80' lang='lat' dir='ltr'>inveniet.</span> <span class='ocrx_word' id='word_1_63' title='bbox 853 1167 914 1230; x_wconf 88' lang='lat' dir='ltr'>rdo</span> <span class='ocrx_word' id='word_1_64' title='bbox 937 1162 1052 1251; x_wconf 87' lang='lat' dir='ltr'>itaque</span> <span class='ocrx_word' id='word_1_65' title='bbox 1071 1170 1189 1243; x_wconf 83' lang='lat' dir='ltr'>verbo·¹</span> <span class='ocrx_word' id='word_1_66' title='bbox 1310 1169 1322 1200; x_wconf 58' lang='lat'><strong>⁸</strong></span> 
     </span>
     <span class='ocr_line' id='line_1_11' title="bbox 81 1246 1302 1335; baseline 0.007 -27"><span class='ocrx_word' id='word_1_67' title='bbox 81 1267 157 1316; x_wconf 86' lang='lat' dir='ltr'>rum</span> <span class='ocrx_word' id='word_1_68' title='bbox 188 1250 262 1314; x_wconf 87' lang='lat' dir='ltr'>talia</span> <span class='ocrx_word' id='word_1_69' title='bbox 294 1249 347 1314; x_wconf 88' lang='lat' dir='ltr'>est.</span> <span class='ocrx_word' id='word_1_70' title='bbox 390 1248 673 1335; x_wconf 78' lang='lat' dir='ltr'>„Fecitquoque</span> <span class='ocrx_word' id='word_1_71' title='bbox 701 1246 869 1312; x_wconf 72' lang='lat' dir='ltr'>Dominus</span> <span class='ocrx_word' id='word_1_72' title='bbox 891 1251 984 1314; x_wconf 82' lang='lat' dir='ltr'>Deua</span> <span class='ocrx_word' id='word_1_73' title='bbox 1005 1251 1132 1322; x_wconf 80' lang='lat' dir='ltr'>Adamo</span> <span class='ocrx_word' id='word_1_74' title='bbox 1155 1266 1190 1316; x_wconf 89' lang='lat' dir='ltr'>et</span> <span class='ocrx_word' id='word_1_75' title='bbox 1299 1305 1302 1316; x_wconf 91' lang='lat'><em>.</em></span> 
     </span>
    </p>
   </div>
   <div class='ocr_carea' id='block_1_4' title="bbox 66 1327 1277 2919">
    <p class='ocr_par' dir='ltr' id='par_1_5' title="bbox 66 1327 1277 2919">
     <span class='ocr_line' id='line_1_12' title="bbox 81 1327 1189 1420; baseline 0.01 -29"><span class='ocrx_word' id='word_1_76' title='bbox 81 1327 180 1394; x_wconf 89' lang='lat' dir='ltr'>uxori</span> <span class='ocrx_word' id='word_1_77' title='bbox 202 1337 273 1412; x_wconf 85' lang='lat' dir='ltr'>ejua</span> <span class='ocrx_word' id='word_1_78' title='bbox 296 1333 427 1412; x_wconf 82' lang='lat' dir='ltr'>tunicae</span> <span class='ocrx_word' id='word_1_79' title='bbox 450 1330 625 1420; x_wconf 60' lang='lat' dir='ltr'>pelliceas,</span> <span class='ocrx_word' id='word_1_80' title='bbox 658 1345 693 1395; x_wconf 87' lang='lat' dir='ltr'>et</span> <span class='ocrx_word' id='word_1_81' title='bbox 712 1329 827 1396; x_wconf 87' lang='lat' dir='ltr'>induit</span> <span class='ocrx_word' id='word_1_82' title='bbox 848 1352 925 1408; x_wconf 89' lang='lat' dir='ltr'>eoa,</span> <span class='ocrx_word' id='word_1_83' title='bbox 948 1345 983 1396; x_wconf 85' lang='lat' dir='ltr'>et</span> <span class='ocrx_word' id='word_1_84' title='bbox 1005 1329 1070 1396; x_wconf 83' lang='lat' dir='ltr'>aitr</span> <span class='ocrx_word' id='word_1_85' title='bbox 1099 1337 1189 1402; x_wconf 83' lang='lat' dir='ltr'>Ecce</span> 
     </span>
     <span class='ocr_line' id='line_1_13' title="bbox 80 1413 1190 1502; baseline 0.008 -26"><span class='ocrx_word' id='word_1_86' title='bbox 80 1413 187 1476; x_wconf 80' lang='lat' dir='ltr'>Adam</span> <span class='ocrx_word' id='word_1_87' title='bbox 218 1417 325 1482; x_wconf 80' lang='lat' dir='ltr'>sactus</span> <span class='ocrx_word' id='word_1_88' title='bbox 357 1417 422 1490; x_wconf 86' lang='lat' dir='ltr'>est,</span> <span class='ocrx_word' id='word_1_89' title='bbox 456 1416 545 1502; x_wconf 80' lang='lat' dir='ltr'>quast</span> <span class='ocrx_word' id='word_1_90' title='bbox 573 1437 662 1479; x_wconf 85' lang='lat' dir='ltr'>unua</span> <span class='ocrx_word' id='word_1_91' title='bbox 692 1437 731 1479; x_wconf 83' lang='lat' dir='ltr'>ex</span> <span class='ocrx_word' id='word_1_92' title='bbox 762 1413 884 1486; x_wconf 59' lang='lat' dir='ltr'>nobie„</span> <span class='ocrx_word' id='word_1_93' title='bbox 915 1417 961 1478; x_wconf 87' lang='lat' dir='ltr'>Et</span> <span class='ocrx_word' id='word_1_94' title='bbox 982 1413 1088 1480; x_wconf 88' lang='lat' dir='ltr'>emisit</span> <span class='ocrx_word' id='word_1_95' title='bbox 1110 1439 1190 1485; x_wconf 86' lang='lat' dir='ltr'>eum</span> 
     </span>
     <span class='ocr_line' id='line_1_14' title="bbox 82 1493 1189 1586; baseline 0.007 -28"><span class='ocrx_word' id='word_1_96' title='bbox 82 1493 252 1564; x_wconf 82' lang='lat' dir='ltr'>Dominae</span> <span class='ocrx_word' id='word_1_97' title='bbox 275 1503 367 1566; x_wconf 89' lang='lat' dir='ltr'>Deua</span> <span class='ocrx_word' id='word_1_98' title='bbox 391 1501 432 1566; x_wconf 91' lang='lat' dir='ltr'>de</span> <span class='ocrx_word' id='word_1_99' title='bbox 445 1497 626 1586; x_wconf 78' lang='lat' dir='ltr'>paradiso,</span> <span class='ocrx_word' id='word_1_100' title='bbox 648 1513 688 1560; x_wconf 90' lang='lat' dir='ltr'>ut</span> <span class='ocrx_word' id='word_1_101' title='bbox 709 1497 902 1585; x_wconf 87' lang='lat' dir='ltr'>operaretur</span> <span class='ocrx_word' id='word_1_102' title='bbox 923 1513 1043 1573; x_wconf 74' lang='lat' dir='ltr'>terram</span> <span class='ocrx_word' id='word_1_103' title='bbox 1067 1502 1109 1564; x_wconf 89' lang='lat' dir='ltr'>de</span> <span class='ocrx_word' id='word_1_104' title='bbox 1122 1521 1189 1586; x_wconf 86' lang='lat' dir='ltr'>qua</span> 
     </span>
     <span class='ocr_line' id='line_1_15' title="bbox 82 1573 1190 1668; baseline 0.008 -29"><span class='ocrx_word' id='word_1_105' title='bbox 82 1573 211 1644; x_wconf 76' lang='lat' dir='ltr'>sumtus</span> <span class='ocrx_word' id='word_1_106' title='bbox 236 1581 288 1646; x_wconf 86' lang='lat' dir='ltr'>est.</span> <span class='ocrx_word' id='word_1_107' title='bbox 331 1586 432 1650; x_wconf 89' lang='lat' dir='ltr'>Nunc</span> <span class='ocrx_word' id='word_1_108' title='bbox 455 1604 533 1668; x_wconf 83' lang='lat' dir='ltr'>ergo</span> <span class='ocrx_word' id='word_1_109' title='bbox 555 1603 599 1646; x_wconf 88' lang='lat' dir='ltr'>ne</span> <span class='ocrx_word' id='word_1_110' title='bbox 620 1581 707 1648; x_wconf 86' lang='lat' dir='ltr'>sorte</span> <span class='ocrx_word' id='word_1_111' title='bbox 727 1579 841 1646; x_wconf 89' lang='lat' dir='ltr'>mittat</span> <span class='ocrx_word' id='word_1_112' title='bbox 861 1603 999 1647; x_wconf 84' lang='lat' dir='ltr'>manum</span> <span class='ocrx_word' id='word_1_113' title='bbox 1021 1579 1130 1658; x_wconf 79' lang='lat' dir='ltr'>suam,</span> <span class='ocrx_word' id='word_1_114' title='bbox 1154 1599 1190 1648; x_wconf 89' lang='lat' dir='ltr'>et</span> 
     </span>
     <span class='ocr_line' id='line_1_16' title="bbox 82 1661 1189 1750; baseline 0.007 -27"><span class='ocrx_word' id='word_1_115' title='bbox 82 1661 191 1724; x_wconf 89' lang='lat' dir='ltr'>sumat</span> <span class='ocrx_word' id='word_1_116' title='bbox 213 1663 313 1730; x_wconf 85' lang='lat' dir='ltr'>etiem</span> <span class='ocrx_word' id='word_1_117' title='bbox 336 1671 377 1732; x_wconf 88' lang='lat' dir='ltr'>de</span> <span class='ocrx_word' id='word_1_118' title='bbox 399 1664 494 1750; x_wconf 88' lang='lat' dir='ltr'>ligno</span> <span class='ocrx_word' id='word_1_119' title='bbox 509 1663 616 1742; x_wconf 88' lang='lat' dir='ltr'>vitae,</span> <span class='ocrx_word' id='word_1_120' title='bbox 640 1679 674 1729; x_wconf 90' lang='lat' dir='ltr'>et</span> <span class='ocrx_word' id='word_1_121' title='bbox 689 1665 859 1738; x_wconf 81' lang='lat' dir='ltr'>comodat,</span> <span class='ocrx_word' id='word_1_122' title='bbox 885 1681 919 1730; x_wconf 89' lang='lat' dir='ltr'>et</span> <span class='ocrx_word' id='word_1_123' title='bbox 928 1663 1022 1729; x_wconf 87' lang='lat' dir='ltr'>vivat</span> <span class='ocrx_word' id='word_1_124' title='bbox 1034 1661 1189 1730; x_wconf 80' lang='lat' dir='ltr'>inacter·</span> 
     </span>
     <span class='ocr_line' id='line_1_17' title="bbox 82 1746 1190 1837; baseline 0.007 -29"><span class='ocrx_word' id='word_1_125' title='bbox 82 1753 177 1808; x_wconf 81' lang='lat' dir='ltr'>num.</span> <span class='ocrx_word' id='word_1_126' title='bbox 218 1747 394 1835; x_wconf 85' lang='lat' dir='ltr'>Ejecitque</span> <span class='ocrx_word' id='word_1_127' title='bbox 421 1751 604 1829; x_wconf 79' lang='lat' dir='ltr'>Adamum,</span> <span class='ocrx_word' id='word_1_128' title='bbox 635 1763 669 1812; x_wconf 89' lang='lat' dir='ltr'>et</span> <span class='ocrx_word' id='word_1_129' title='bbox 700 1746 879 1814; x_wconf 86' lang='lat' dir='ltr'>collocavit</span> <span class='ocrx_word' id='word_1_130' title='bbox 899 1764 978 1820; x_wconf 82' lang='lat' dir='ltr'>ante</span> <span class='ocrx_word' id='word_1_131' title='bbox 998 1749 1190 1837; x_wconf 83' lang='lat' dir='ltr'>paradisum</span> 
     </span>
     <span class='ocr_line' id='line_1_18' title="bbox 82 1827 1189 1918; baseline 0.006 -26"><span class='ocrx_word' id='word_1_132' title='bbox 82 1827 267 1912; x_wconf 74' lang='lat' dir='ltr'>voluptaria</span> <span class='ocrx_word' id='word_1_133' title='bbox 298 1831 490 1906; x_wconf 84' lang='lat' dir='ltr'>Cherubin,</span> <span class='ocrx_word' id='word_1_134' title='bbox 522 1847 556 1896; x_wconf 90' lang='lat' dir='ltr'>et</span> <span class='ocrx_word' id='word_1_135' title='bbox 575 1831 772 1897; x_wconf 86' lang='lat' dir='ltr'>flammeum</span> <span class='ocrx_word' id='word_1_136' title='bbox 788 1831 937 1918; x_wconf 84' lang='lat' dir='ltr'>gladium</span> <span class='ocrx_word' id='word_1_137' title='bbox 959 1849 1059 1918; x_wconf 83' lang='lat' dir='ltr'>atque</span> <span class='ocrx_word' id='word_1_138' title='bbox 1081 1835 1189 1899; x_wconf 86' lang='lat' dir='ltr'>versa·</span> 
     </span>
     <span class='ocr_line' id='line_1_19' title="bbox 81 1909 1188 2006; baseline 0.012 -33"><span class='ocrx_word' id='word_1_139' title='bbox 81 1909 176 1974; x_wconf 89' lang='lat' dir='ltr'>tilem</span> <span class='ocrx_word' id='word_1_140' title='bbox 211 1916 253 1978; x_wconf 93' lang='lat' dir='ltr'>ad</span> <span class='ocrx_word' id='word_1_141' title='bbox 282 1913 531 1987; x_wconf 80' lang='lat' dir='ltr'>custodiendam</span> <span class='ocrx_word' id='word_1_142' title='bbox 557 1913 647 2000; x_wconf 83' lang='lat' dir='ltr'>viam</span> <span class='ocrx_word' id='word_1_143' title='bbox 674 1915 761 2002; x_wconf 79' lang='lat' dir='ltr'>ligni</span> <span class='ocrx_word' id='word_1_144' title='bbox 788 1913 890 1980; x_wconf 84' lang='lat' dir='ltr'>vitae.</span> <span class='ocrx_word' id='word_1_145' title='bbox 940 1917 1043 2002; x_wconf 85' lang='lat' dir='ltr'>Quod</span> <span class='ocrx_word' id='word_1_146' title='bbox 1072 1916 1188 2006; x_wconf 83' lang='lat' dir='ltr'>itaque</span> 
     </span>
     <span class='ocr_line' id='line_1_20' title="bbox 81 1991 1187 2150; baseline 0.01 -94"><span class='ocrx_word' id='word_1_147' title='bbox 81 1991 243 2072; x_wconf 87' lang='lat' dir='ltr'>scriptum</span> <span class='ocrx_word' id='word_1_148' title='bbox 267 1997 326 2082; x_wconf 77' lang='lat' dir='ltr'>e1l3</span> <span class='ocrx_word' id='word_1_149' title='bbox 345 1993 431 2060; x_wconf 85' lang='lat' dir='ltr'>nuno&#39;</span> <span class='ocrx_word' id='word_1_150' title='bbox 449 2017 587 2080; x_wconf 81' lang='lat' dir='ltr'>ergone</span> <span class='ocrx_word' id='word_1_151' title='bbox 598 1993 698 2086; x_wconf 84' lang='lat' dir='ltr'>forto</span> <span class='ocrx_word' id='word_1_152' title='bbox 719 2002 837 2062; x_wconf 84' lang='lat' dir='ltr'>mittat</span> <span class='ocrx_word' id='word_1_153' title='bbox 856 1994 1101 2150; x_wconf 47' lang='lat' dir='ltr'>menumquam,</span> <span class='ocrx_word' id='word_1_154' title='bbox 1124 2015 1187 2068; x_wconf 78' lang='lat' dir='ltr'>ato.</span> 
     </span>
     <span class='ocr_line' id='line_1_21' title="bbox 108 2065 1189 2177; baseline 0.009 -37"><span class='ocrx_word' id='word_1_155' title='bbox 108 2077 187 2140; x_wconf 74' lang='lat' dir='ltr'>oilet</span> <span class='ocrx_word' id='word_1_156' title='bbox 210 2079 325 2149; x_wconf 80' lang='lat' dir='ltr'>venire</span> <span class='ocrx_word' id='word_1_157' title='bbox 340 2080 377 2144; x_wconf 87' lang='lat' dir='ltr'>iu</span> <span class='ocrx_word' id='word_1_158' title='bbox 393 2065 586 2177; x_wconf 78' lang='lat' dir='ltr'>ambigurim</span> <span class='ocrx_word' id='word_1_159' title='bbox 601 2084 695 2160; x_wconf 86' lang='lat' dir='ltr'>cujua</span> <span class='ocrx_word' id='word_1_160' title='bbox 704 2081 866 2177; x_wconf 87' lang='lat' dir='ltr'>personae</span> <span class='ocrx_word' id='word_1_161' title='bbox 881 2083 970 2148; x_wconf 88' lang='lat' dir='ltr'>dicta</span> <span class='ocrx_word' id='word_1_162' title='bbox 1008 2098 1058 2158; x_wconf 85' lang='lat' dir='ltr'>nt,</span> <span class='ocrx_word' id='word_1_163' title='bbox 1072 2099 1189 2150; x_wconf 86' lang='lat' dir='ltr'>utram</span> 
     </span>
     <span class='ocr_line' id='line_1_22' title="bbox 115 2161 1189 2253; baseline 0.009 -31"><span class='ocrx_word' id='word_1_164' title='bbox 115 2161 250 2246; x_wconf 79' lang='lat' dir='ltr'>beologi</span> <span class='ocrx_word' id='word_1_165' title='bbox 270 2167 528 2249; x_wconf 73' lang='lat' dir='ltr'>prophetantia,</span> <span class='ocrx_word' id='word_1_166' title='bbox 545 2184 588 2226; x_wconf 87' lang='lat' dir='ltr'>an</span> <span class='ocrx_word' id='word_1_167' title='bbox 610 2164 750 2226; x_wconf 80' lang='lat' dir='ltr'>Domini</span> <span class='ocrx_word' id='word_1_168' title='bbox 764 2165 950 2249; x_wconf 85' lang='lat' dir='ltr'>loquentia:</span> <span class='ocrx_word' id='word_1_169' title='bbox 972 2169 1081 2232; x_wconf 84' lang='lat' dir='ltr'>finon</span> <span class='ocrx_word' id='word_1_170' title='bbox 1096 2187 1189 2253; x_wconf 86' lang='lat' dir='ltr'>aper-</span> 
     </span>
     <span class='ocr_line' id='line_1_23' title="bbox 66 2239 1189 2337; baseline 0.009 -33"><span class='ocrx_word' id='word_1_171' title='bbox 66 2248 116 2306; x_wconf 78' lang='lat' dir='ltr'>‘te</span> <span class='ocrx_word' id='word_1_172' title='bbox 144 2239 181 2306; x_wconf 88' lang='lat' dir='ltr'>in</span> <span class='ocrx_word' id='word_1_173' title='bbox 214 2245 436 2332; x_wconf 80' lang='lat' dir='ltr'>Septuaginta</span> <span class='ocrx_word' id='word_1_174' title='bbox 464 2243 614 2312; x_wconf 82' lang='lat' dir='ltr'>editione</span> <span class='ocrx_word' id='word_1_175' title='bbox 636 2245 910 2332; x_wconf 82' lang='lat' dir='ltr'>distingueretur,</span> <span class='ocrx_word' id='word_1_176' title='bbox 943 2247 980 2314; x_wconf 89' lang='lat' dir='ltr'>in</span> <span class='ocrx_word' id='word_1_177' title='bbox 1002 2271 1066 2336; x_wconf 87' lang='lat' dir='ltr'>qua</span> <span class='ocrx_word' id='word_1_178' title='bbox 1088 2249 1189 2337; x_wconf 91' lang='lat' dir='ltr'>scrip·</span> 
     </span>
     <span class='ocr_line' id='line_1_24' title="bbox 81 2327 1189 2416; baseline 0.009 -27"><span class='ocrx_word' id='word_1_179' title='bbox 81 2340 154 2389; x_wconf 90' lang='lat' dir='ltr'>tum</span> <span class='ocrx_word' id='word_1_180' title='bbox 175 2327 237 2406; x_wconf 83' lang='lat' dir='ltr'>est,</span> <span class='ocrx_word' id='word_1_181' title='bbox 260 2344 293 2394; x_wconf 83' lang='lat' dir='ltr'>et</span> <span class='ocrx_word' id='word_1_182' title='bbox 313 2353 397 2400; x_wconf 85' lang='lat' dir='ltr'>nune</span> <span class='ocrx_word' id='word_1_183' title='bbox 417 2333 523 2412; x_wconf 71' lang='lat' dir='ltr'>inquit</span> <span class='ocrx_word' id='word_1_184' title='bbox 543 2331 657 2403; x_wconf 80' lang='lat' dir='ltr'>Deus,</span> <span class='ocrx_word' id='word_1_185' title='bbox 677 2353 718 2394; x_wconf 82' lang='lat' dir='ltr'>ne</span> <span class='ocrx_word' id='word_1_186' title='bbox 738 2331 917 2416; x_wconf 79' lang='lat' dir='ltr'>aliquando</span> <span class='ocrx_word' id='word_1_187' title='bbox 940 2335 1102 2398; x_wconf 65' lang='lat' dir='ltr'>retardat</span> <span class='ocrx_word' id='word_1_188' title='bbox 1121 2357 1189 2398; x_wconf 83' lang='lat' dir='ltr'>nao-</span> 
     </span>
     <span class='ocr_line' id='line_1_25' title="bbox 80 2411 1187 2506; baseline 0.01 -34"><span class='ocrx_word' id='word_1_189' title='bbox 80 2432 172 2488; x_wconf 84' lang='lat' dir='ltr'>num,</span> <span class='ocrx_word' id='word_1_190' title='bbox 195 2428 229 2477; x_wconf 86' lang='lat' dir='ltr'>et</span> <span class='ocrx_word' id='word_1_191' title='bbox 245 2411 356 2506; x_wconf 78' lang='lat' dir='ltr'>sumat</span> <span class='ocrx_word' id='word_1_192' title='bbox 377 2415 528 2496; x_wconf 80' lang='lat' dir='ltr'>designo</span> <span class='ocrx_word' id='word_1_193' title='bbox 549 2418 662 2480; x_wconf 77' lang='lat' dir='ltr'>vitoe:</span> <span class='ocrx_word' id='word_1_194' title='bbox 690 2413 820 2478; x_wconf 89' lang='lat' dir='ltr'>&#39;nemini</span> <span class='ocrx_word' id='word_1_195' title='bbox 843 2431 954 2480; x_wconf 88' lang='lat' dir='ltr'>tamen</span> <span class='ocrx_word' id='word_1_196' title='bbox 977 2417 1047 2482; x_wconf 89' lang='lat' dir='ltr'>vim</span> <span class='ocrx_word' id='word_1_197' title='bbox 1068 2421 1187 2483; x_wconf 82' lang='lat' dir='ltr'>verbo·</span> 
     </span>
     <span class='ocr_line' id='line_1_26' title="bbox 80 2495 1244 2587; baseline 0.008 -30"><span class='ocrx_word' id='word_1_198' title='bbox 80 2515 156 2557; x_wconf 88' lang='lat' dir='ltr'>rum</span> <span class='ocrx_word' id='word_1_199' title='bbox 183 2499 271 2564; x_wconf 86' lang='lat' dir='ltr'>clare</span> <span class='ocrx_word' id='word_1_200' title='bbox 291 2495 501 2564; x_wconf 86' lang='lat' dir='ltr'>intuentium</span> <span class='ocrx_word' id='word_1_201' title='bbox 522 2495 559 2561; x_wconf 90' lang='lat' dir='ltr'>in</span> <span class='ocrx_word' id='word_1_202' title='bbox 582 2495 705 2570; x_wconf 92' lang='lat' dir='ltr'>dubio,</span> <span class='ocrx_word' id='word_1_203' title='bbox 734 2513 773 2562; x_wconf 89' lang='lat' dir='ltr'>ut</span> <span class='ocrx_word' id='word_1_204' title='bbox 794 2498 954 2576; x_wconf 82' lang='lat' dir='ltr'>arbitror,</span> <span class='ocrx_word' id='word_1_205' title='bbox 986 2499 1068 2576; x_wconf 87' lang='lat' dir='ltr'>erit,</span> <span class='ocrx_word' id='word_1_206' title='bbox 1102 2500 1187 2587; x_wconf 86' lang='lat' dir='ltr'>quin</span> <span class='ocrx_word' id='word_1_207' title='bbox 1240 2501 1244 2517; x_wconf 67' lang='lat'><strong>⁴</strong></span> 
     </span>
     <span class='ocr_line' id='line_1_27' title="bbox 78 2575 1277 2667; baseline 0.008 -27"><span class='ocrx_word' id='word_1_208' title='bbox 78 2575 225 2646; x_wconf 84' lang='lat' dir='ltr'>reditum</span> <span class='ocrx_word' id='word_1_209' title='bbox 247 2597 386 2648; x_wconf 88' lang='lat' dir='ltr'>naturae</span> <span class='ocrx_word' id='word_1_210' title='bbox 407 2586 574 2648; x_wconf 81' lang='lat' dir='ltr'>humanae</span> <span class='ocrx_word' id='word_1_211' title='bbox 594 2579 630 2644; x_wconf 90' lang='lat' dir='ltr'>in</span> <span class='ocrx_word' id='word_1_212' title='bbox 653 2581 743 2644; x_wconf 86' lang='lat' dir='ltr'>suam</span> <span class='ocrx_word' id='word_1_213' title='bbox 766 2579 1002 2667; x_wconf 80' lang='lat' dir='ltr'>antiquitatem</span> <span class='ocrx_word' id='word_1_214' title='bbox 1019 2586 1187 2662; x_wconf 73' lang='lat' dir='ltr'>haebrea·-</span> <span class='ocrx_word' id='word_1_215' title='bbox 1271 2581 1277 2602; x_wconf 95' lang='lat'><em>&#39;</em></span> 
     </span>
     <span class='ocr_line' id='line_1_28' title="bbox 78 2662 1187 2762; baseline 0.01 -39"><span class='ocrx_word' id='word_1_216' title='bbox 78 2663 121 2723; x_wconf 89' lang='lat' dir='ltr'>ba</span> <span class='ocrx_word' id='word_1_217' title='bbox 144 2669 400 2762; x_wconf 81' lang='lat' dir='ltr'>quoquomodo</span> <span class='ocrx_word' id='word_1_218' title='bbox 422 2665 486 2728; x_wconf 89' lang='lat' dir='ltr'>lint</span> <span class='ocrx_word' id='word_1_219' title='bbox 507 2662 679 2738; x_wconf 86' lang='lat' dir='ltr'>ordinata,</span> <span class='ocrx_word' id='word_1_220' title='bbox 701 2664 950 2750; x_wconf 87' lang='lat' dir='ltr'>repromittant.</span> <span class='ocrx_word' id='word_1_221' title='bbox 993 2668 1072 2730; x_wconf 90' lang='lat' dir='ltr'>No&#39;n</span> <span class='ocrx_word' id='word_1_222' title='bbox 1095 2667 1187 2734; x_wconf 89' lang='lat' dir='ltr'>enim</span> 
     </span>
     <span class='ocr_line' id='line_1_29' title="bbox 81 2739 1187 2836; baseline 0.009 -30"><span class='ocrx_word' id='word_1_223' title='bbox 81 2739 169 2807; x_wconf 79' lang='lat' dir='ltr'>mssn</span> <span class='ocrx_word' id='word_1_224' title='bbox 195 2753 354 2812; x_wconf 81' lang='lat' dir='ltr'>videntur</span> <span class='ocrx_word' id='word_1_225' title='bbox 375 2745 554 2832; x_wconf 83' lang='lat' dir='ltr'>diligenter</span> <span class='ocrx_word' id='word_1_226' title='bbox 575 2745 759 2830; x_wconf 86' lang='lat' dir='ltr'>inspicere,</span> <span class='ocrx_word' id='word_1_227' title='bbox 796 2746 855 2834; x_wconf 89' lang='lat' dir='ltr'>qui</span> <span class='ocrx_word' id='word_1_228' title='bbox 875 2747 965 2814; x_wconf 85' lang='lat' dir='ltr'>illam</span> <span class='ocrx_word' id='word_1_229' title='bbox 988 2748 1187 2836; x_wconf 84' lang='lat' dir='ltr'>particulam</span> 
     </span>
     <span class='ocr_line' id='line_1_30' title="bbox 80 2826 1187 2919; baseline 0.008 -30"><span class='ocrx_word' id='word_1_230' title='bbox 80 2845 166 2910; x_wconf 82' lang='lat' dir='ltr'>quae</span> <span class='ocrx_word' id='word_1_231' title='bbox 188 2830 231 2897; x_wconf 81' lang='lat' dir='ltr'>et</span> <span class='ocrx_word' id='word_1_232' title='bbox 252 2855 309 2902; x_wconf 85' lang='lat' dir='ltr'>rae.</span> <span class='ocrx_word' id='word_1_233' title='bbox 331 2828 479 2914; x_wconf 87' lang='lat' dir='ltr'>negandi</span> <span class='ocrx_word' id='word_1_234' title='bbox 495 2827 723 2904; x_wconf 81' lang='lat' dir='ltr'>intellectum,</span> <span class='ocrx_word' id='word_1_235' title='bbox 745 2847 941 2896; x_wconf 83' lang='lat' dir='ltr'>nouantem</span> <span class='ocrx_word' id='word_1_236' title='bbox 954 2826 1187 2919; x_wconf 74' lang='lat' dir='ltr'>interrogandi</span> 
     </span>
    </p>
   </div>
   <div class='ocr_carea' id='block_1_5' title="bbox 80 2909 1293 2980">
    <p class='ocr_par' dir='ltr' id='par_1_6' title="bbox 80 2909 1293 2980">
     <span class='ocr_line' id='line_1_31' title="bbox 80 2909 1293 2980; baseline 0.007 -10"><span class='ocrx_word' id='word_1_237' title='bbox 80 2927 120 2970; x_wconf 92' lang='lat' dir='ltr'>ac</span> <span class='ocrx_word' id='word_1_238' title='bbox 140 2911 248 2976; x_wconf 88' lang='lat' dir='ltr'>veluti</span> <span class='ocrx_word' id='word_1_239' title='bbox 269 2911 446 2978; x_wconf 87' lang='lat' dir='ltr'>dubitandi</span> <span class='ocrx_word' id='word_1_240' title='bbox 468 2909 505 2974; x_wconf 89' lang='lat' dir='ltr'>in</span> <span class='ocrx_word' id='word_1_241' title='bbox 527 2912 690 2976; x_wconf 82' lang='lat' dir='ltr'>hocloco</span> <span class='ocrx_word' id='word_1_242' title='bbox 712 2911 916 2978; x_wconf 85' lang='lat' dir='ltr'>arbitrantur</span> <span class='ocrx_word' id='word_1_243' title='bbox 936 2914 1112 2980; x_wconf 82' lang='lat' dir='ltr'>obtineret</span> <span class='ocrx_word' id='word_1_244' title='bbox 1142 2918 1188 2980; x_wconf 86' lang='lat' dir='ltr'>Et</span> <span class='ocrx_word' id='word_1_245' title='bbox 1288 2968 1293 2978; x_wconf 85' lang='lat'>.</span> 
     </span>
    </p>
   </div>
   <div class='ocr_carea' id='block_1_6' title="bbox 77 2993 1339 4252">
    <p class='ocr_par' dir='ltr' id='par_1_7' title="bbox 77 2993 1339 4252">
     <span class='ocr_line' id='line_1_32' title="bbox 81 2993 1194 3088; baseline 0.009 -34"><span class='ocrx_word' id='word_1_246' title='bbox 81 2993 175 3088; x_wconf 84' lang='lat' dir='ltr'>quod</span> <span class='ocrx_word' id='word_1_247' title='bbox 207 2993 286 3063; x_wconf 90' lang='lat' dir='ltr'>ideo</span> <span class='ocrx_word' id='word_1_248' title='bbox 314 2995 468 3082; x_wconf 72' lang='lat' dir='ltr'>expulsus</span> <span class='ocrx_word' id='word_1_249' title='bbox 494 2993 534 3057; x_wconf 83' lang='lat' dir='ltr'>fit</span> <span class='ocrx_word' id='word_1_250' title='bbox 561 2993 664 3058; x_wconf 89' lang='lat' dir='ltr'>homo</span> <span class='ocrx_word' id='word_1_251' title='bbox 687 2996 729 3058; x_wconf 85' lang='lat' dir='ltr'>de</span> <span class='ocrx_word' id='word_1_252' title='bbox 749 2995 920 3080; x_wconf 84' lang='lat' dir='ltr'>paradiso,</span> <span class='ocrx_word' id='word_1_253' title='bbox 953 3021 997 3062; x_wconf 83' lang='lat' dir='ltr'>ne</span> <span class='ocrx_word' id='word_1_254' title='bbox 1018 2999 1123 3084; x_wconf 83' lang='lat' dir='ltr'>pollet</span> <span class='ocrx_word' id='word_1_255' title='bbox 1144 3001 1194 3064; x_wconf 81' lang='lat' dir='ltr'>de&#39;</span> 
     </span>
     <span class='ocr_line' id='line_1_33' title="bbox 78 3075 1188 3164; baseline 0.007 -24"><span class='ocrx_word' id='word_1_256' title='bbox 78 3078 176 3164; x_wconf 83' lang='lat' dir='ltr'>ltgno</span> <span class='ocrx_word' id='word_1_257' title='bbox 207 3078 296 3142; x_wconf 86' lang='lat' dir='ltr'>vitae</span> <span class='ocrx_word' id='word_1_258' title='bbox 327 3080 455 3142; x_wconf 86' lang='lat' dir='ltr'>sumere</span> <span class='ocrx_word' id='word_1_259' title='bbox 481 3075 595 3144; x_wconf 82' lang='lat' dir='ltr'>vivete</span> <span class='ocrx_word' id='word_1_260' title='bbox 619 3099 663 3142; x_wconf 92' lang='lat' dir='ltr'>ue</span> <span class='ocrx_word' id='word_1_261' title='bbox 690 3075 727 3142; x_wconf 92' lang='lat' dir='ltr'>in</span> <span class='ocrx_word' id='word_1_262' title='bbox 758 3094 942 3160; x_wconf 71' lang='lat' dir='ltr'>aeternum.</span> <span class='ocrx_word' id='word_1_263' title='bbox 988 3081 1064 3164; x_wconf 86' lang='lat' dir='ltr'>Qua</span> <span class='ocrx_word' id='word_1_264' title='bbox 1093 3081 1188 3148; x_wconf 87' lang='lat' dir='ltr'>enim</span> 
     </span>
     <span class='ocr_line' id='line_1_34' title="bbox 77 3159 1187 3250; baseline 0.005 -24"><span class='ocrx_word' id='word_1_265' title='bbox 77 3159 294 3248; x_wconf 78' lang='lat' dir='ltr'>poffibilitate</span> <span class='ocrx_word' id='word_1_266' title='bbox 321 3161 393 3247; x_wconf 80' lang='lat' dir='ltr'>poll</span> <span class='ocrx_word' id='word_1_267' title='bbox 412 3177 588 3246; x_wconf 79' lang='lat' dir='ltr'>peccatum</span> <span class='ocrx_word' id='word_1_268' title='bbox 634 3182 756 3226; x_wconf 80' lang='lat' dir='ltr'>amana</span> <span class='ocrx_word' id='word_1_269' title='bbox 771 3177 896 3246; x_wconf 84' lang='lat' dir='ltr'>¹natura</span> <span class='ocrx_word' id='word_1_270' title='bbox 917 3165 959 3228; x_wconf 88' lang='lat' dir='ltr'>de</span> <span class='ocrx_word' id='word_1_271' title='bbox 976 3163 1074 3250; x_wconf 88' lang='lat' dir='ltr'>ligno</span> <span class='ocrx_word' id='word_1_272' title='bbox 1096 3163 1187 3231; x_wconf 81' lang='lat' dir='ltr'>vitae</span> 
     </span>
     <span class='ocr_line' id='line_1_35' title="bbox 77 3243 1188 3322; baseline 0.003 -13"><span class='ocrx_word' id='word_1_273' title='bbox 77 3248 206 3310; x_wconf 87' lang='lat' dir='ltr'>valeret</span> <span class='ocrx_word' id='word_1_274' title='bbox 227 3245 371 3319; x_wconf 86' lang='lat' dir='ltr'>sumere,</span> <span class='ocrx_word' id='word_1_275' title='bbox 395 3266 433 3309; x_wconf 87' lang='lat' dir='ltr'>ac</span> <span class='ocrx_word' id='word_1_276' title='bbox 454 3245 648 3320; x_wconf 85' lang='lat' dir='ltr'>comedere,</span> <span class='ocrx_word' id='word_1_277' title='bbox 661 3260 706 3318; x_wconf 90' lang='lat' dir='ltr'>,et</span> <span class='ocrx_word' id='word_1_278' title='bbox 715 3243 829 3310; x_wconf 87' lang='lat' dir='ltr'>vivere</span> <span class='ocrx_word' id='word_1_279' title='bbox 840 3243 876 3309; x_wconf 93' lang='lat' dir='ltr'>in</span> <span class='ocrx_word' id='word_1_280' title='bbox 895 3263 1079 3322; x_wconf 85' lang='lat' dir='ltr'>aetemum,</span> <span class='ocrx_word' id='word_1_281' title='bbox 1102 3269 1188 3312; x_wconf 88' lang='lat' dir='ltr'>uon·</span> 
     </span>
     <span class='ocr_line' id='line_1_36' title="bbox 81 3329 1185 3428; baseline 0.001 -34"><span class='ocrx_word' id='word_1_282' title='bbox 81 3333 162 3394; x_wconf 86' lang='lat' dir='ltr'>dum</span> <span class='ocrx_word' id='word_1_283' title='bbox 184 3329 324 3428; x_wconf 79' lang='lat' dir='ltr'>libprata</span> <span class='ocrx_word' id='word_1_284' title='bbox 346 3349 364 3392; x_wconf 89' lang='lat' dir='ltr'>a</span> <span class='ocrx_word' id='word_1_285' title='bbox 384 3344 530 3413; x_wconf 71' lang='lat' dir='ltr'>peccato,</span> <span class='ocrx_word' id='word_1_286' title='bbox 547 3342 581 3390; x_wconf 92' lang='lat' dir='ltr'>et</span> <span class='ocrx_word' id='word_1_287' title='bbox 602 3339 710 3392; x_wconf 87' lang='lat' dir='ltr'>morte</span> <span class='ocrx_word' id='word_1_288' title='bbox 732 3351 816 3414; x_wconf 91' lang='lat' dir='ltr'>quae</span> <span class='ocrx_word' id='word_1_289' title='bbox 838 3329 881 3394; x_wconf 87' lang='lat' dir='ltr'>est</span> <span class='ocrx_word' id='word_1_290' title='bbox 900 3349 1011 3416; x_wconf 86' lang='lat' dir='ltr'>poena</span> <span class='ocrx_word' id='word_1_291' title='bbox 1027 3329 1185 3416; x_wconf 75' lang='lat' dir='ltr'>peccatis</span> 
     </span>
     <span class='ocr_line' id='line_1_37' title="bbox 101 3409 1187 3501; baseline 0.002 -25"><span class='ocrx_word' id='word_1_292' title='bbox 101 3415 215 3478; x_wconf 84' lang='lat' dir='ltr'>nando</span> <span class='ocrx_word' id='word_1_293' title='bbox 240 3432 305 3477; x_wconf 86' lang='lat' dir='ltr'>nec</span> <span class='ocrx_word' id='word_1_294' title='bbox 325 3409 395 3497; x_wconf 85' lang='lat' dir='ltr'>ipsa</span> <span class='ocrx_word' id='word_1_295' title='bbox 417 3427 495 3474; x_wconf 86' lang='lat' dir='ltr'>ante</span> <span class='ocrx_word' id='word_1_296' title='bbox 514 3427 691 3498; x_wconf 65' lang='lat' dir='ltr'>peccatum</span> <span class='ocrx_word' id='word_1_297' title='bbox 714 3415 757 3474; x_wconf 86' lang='lat' dir='ltr'>de</span> <span class='ocrx_word' id='word_1_298' title='bbox 778 3415 897 3480; x_wconf 88' lang='lat' dir='ltr'>eodem</span> <span class='ocrx_word' id='word_1_299' title='bbox 913 3413 1009 3499; x_wconf 88' lang='lat' dir='ltr'>ligno</span> <span class='ocrx_word' id='word_1_300' title='bbox 1024 3415 1080 3478; x_wconf 86' lang='lat' dir='ltr'>vel</span> <span class='ocrx_word' id='word_1_301' title='bbox 1094 3435 1187 3501; x_wconf 87' lang='lat' dir='ltr'>prae·</span> 
     </span>
     <span class='ocr_line' id='line_1_38' title="bbox 79 3435 1247 3583; baseline 0.004 -26"><span class='ocrx_word' id='word_1_302' title='bbox 79 3435 261 3572; x_wconf 62' lang='lat' dir='ltr'>sumserit,</span> <span class='ocrx_word' id='word_1_303' title='bbox 286 3495 340 3558; x_wconf 85' lang='lat' dir='ltr'>vel</span> <span class='ocrx_word' id='word_1_304' title='bbox 369 3497 578 3570; x_wconf 65' lang='lat' dir='ltr'>comederem</span> <span class='ocrx_word' id='word_1_305' title='bbox 611 3510 652 3557; x_wconf 91' lang='lat' dir='ltr'>ut</span> <span class='ocrx_word' id='word_1_306' title='bbox 681 3493 825 3582; x_wconf 75' lang='lat' dir='ltr'>diligent</span> <span class='ocrx_word' id='word_1_307' title='bbox 847 3495 985 3562; x_wconf 83' lang='lat' dir='ltr'>divinae</span> <span class='ocrx_word' id='word_1_308' title='bbox 1006 3495 1188 3583; x_wconf 86' lang='lat' dir='ltr'>scripturae</span> <span class='ocrx_word' id='word_1_309' title='bbox 1243 3557 1247 3582; x_wconf 62' lang='grc'>,</span> 
     </span>
     <span class='ocr_line' id='line_1_39' title="bbox 79 3575 1188 3678; baseline 0.005 -38"><span class='ocrx_word' id='word_1_310' title='bbox 79 3575 259 3662; x_wconf 76' lang='lat' dir='ltr'>inquisitio.</span> <span class='ocrx_word' id='word_1_311' title='bbox 273 3578 453 3644; x_wconf 86' lang='lat' dir='ltr'>subsinuat.</span> <span class='ocrx_word' id='word_1_312' title='bbox 491 3577 526 3642; x_wconf 87' lang='lat' dir='ltr'>Si</span> <span class='ocrx_word' id='word_1_313' title='bbox 549 3575 640 3666; x_wconf 78' lang='lat' dir='ltr'>enim</span> <span class='ocrx_word' id='word_1_314' title='bbox 662 3577 806 3674; x_wconf 78' lang='lat' dir='ltr'>sumeret</span> <span class='ocrx_word' id='word_1_315' title='bbox 827 3595 862 3644; x_wconf 86' lang='lat' dir='ltr'>et</span> <span class='ocrx_word' id='word_1_316' title='bbox 882 3582 1090 3678; x_wconf 64' lang='lat' dir='ltr'>eomederet,</span> <span class='ocrx_word' id='word_1_317' title='bbox 1112 3602 1188 3667; x_wconf 89' lang='lat' dir='ltr'>pro·</span> 
     </span>
     <span class='ocr_line' id='line_1_40' title="bbox 78 3660 1188 3841; baseline 0.007 -37"><span class='ocrx_word' id='word_1_318' title='bbox 78 3660 629 3841; x_wconf 55' lang='lat' dir='ltr'>littssttttt‘l‘stltffqt</span> <span class='ocrx_word' id='word_1_319' title='bbox 646 3661 1188 3834; x_wconf 52' lang='lat' dir='ltr'>llllltullrttlgtltlt</span> 
     </span>
     <span class='ocr_line' id='line_1_41' title="bbox 79 3825 1339 3974; baseline 0.006 -87"><span class='ocrx_word' id='word_1_320' title='bbox 79 3825 235 3910; x_wconf 85' lang='lat' dir='ltr'>expulsae</span> <span class='ocrx_word' id='word_1_321' title='bbox 256 3827 317 3904; x_wconf 79' lang='lat' dir='ltr'>eli,</span> <span class='ocrx_word' id='word_1_322' title='bbox 346 3827 463 3894; x_wconf 78' lang='lat' dir='ltr'>localia</span> <span class='ocrx_word' id='word_1_323' title='bbox 484 3841 555 3890; x_wconf 86' lang='lat' dir='ltr'>erat</span> <span class='ocrx_word' id='word_1_324' title='bbox 575 3839 812 3974; x_wconf 63' lang='lat' dir='ltr'>terrenaeque,</span> <span class='ocrx_word' id='word_1_325' title='bbox 843 3844 877 3897; x_wconf 90' lang='lat' dir='ltr'>et</span> <span class='ocrx_word' id='word_1_326' title='bbox 898 3829 922 3894; x_wconf 88' lang='lat' dir='ltr'>fi</span> <span class='ocrx_word' id='word_1_327' title='bbox 941 3829 1074 3917; x_wconf 88' lang='lat' dir='ltr'>lignum</span> <span class='ocrx_word' id='word_1_328' title='bbox 1096 3830 1187 3900; x_wconf 75' lang='lat' dir='ltr'>ritae</span> <span class='ocrx_word' id='word_1_329' title='bbox 1272 3889 1276 3898; x_wconf 84' lang='lat'><em>‚</em></span> <span class='ocrx_word' id='word_1_330' title='bbox 1331 3851 1339 3864; x_wconf 93' lang='lat'>·</span> 
     </span>
     <span class='ocr_line' id='line_1_42' title="bbox 103 3906 737 3998; baseline 0.008 -28"><span class='ocrx_word' id='word_1_331' title='bbox 103 3911 173 3972; x_wconf 89' lang='lat' dir='ltr'>uod</span> <span class='ocrx_word' id='word_1_332' title='bbox 193 3906 231 3972; x_wconf 88' lang='lat' dir='ltr'>in</span> <span class='ocrx_word' id='word_1_333' title='bbox 251 3909 363 3976; x_wconf 88' lang='lat' dir='ltr'>medio</span> <span class='ocrx_word' id='word_1_334' title='bbox 384 3909 487 3998; x_wconf 84' lang='lat' dir='ltr'>ipsaua</span> <span class='ocrx_word' id='word_1_335' title='bbox 507 3911 697 3996; x_wconf 87' lang='lat' dir='ltr'>plantatum</span> <span class='ocrx_word' id='word_1_336' title='bbox 719 3933 737 3974; x_wconf 90' lang='lat' dir='ltr'>e</span> 
     </span>
     <span class='ocr_line' id='line_1_43' title="bbox 78 3931 1185 4084; baseline 0.002 -28"><span class='ocrx_word' id='word_1_337' title='bbox 78 3931 248 4067; x_wconf 70' lang='lat' dir='ltr'>sensibile,</span> <span class='ocrx_word' id='word_1_338' title='bbox 278 3992 494 4080; x_wconf 79' lang='lat' dir='ltr'>fructumque</span> <span class='ocrx_word' id='word_1_339' title='bbox 523 3992 693 4079; x_wconf 78' lang='lat' dir='ltr'>corporeis</span> <span class='ocrx_word' id='word_1_340' title='bbox 714 3996 827 4084; x_wconf 82' lang='lat' dir='ltr'>usrbue</span> <span class='ocrx_word' id='word_1_341' title='bbox 848 4011 964 4083; x_wconf 88' lang='lat' dir='ltr'>aptum</span> <span class='ocrx_word' id='word_1_342' title='bbox 987 3998 1185 4084; x_wconf 61' lang='lat' dir='ltr'>protuleram</span> 
     </span>
     <span class='ocr_line' id='line_1_44' title="bbox 79 4075 1186 4176; baseline 0.005 -38"><span class='ocrx_word' id='word_1_343' title='bbox 79 4095 142 4139; x_wconf 85' lang='lat' dir='ltr'>eur</span> <span class='ocrx_word' id='word_1_344' title='bbox 172 4095 243 4138; x_wconf 89' lang='lat' dir='ltr'>non</span> <span class='ocrx_word' id='word_1_345' title='bbox 266 4077 305 4147; x_wconf 86' lang='lat' dir='ltr'>ab</span> <span class='ocrx_word' id='word_1_346' title='bbox 327 4075 400 4163; x_wconf 90' lang='lat' dir='ltr'>ipso</span> <span class='ocrx_word' id='word_1_347' title='bbox 422 4079 492 4144; x_wconf 91' lang='lat' dir='ltr'>solo</span> <span class='ocrx_word' id='word_1_348' title='bbox 512 4075 602 4142; x_wconf 86' lang='lat' dir='ltr'>vitae</span> <span class='ocrx_word' id='word_1_349' title='bbox 621 4075 717 4176; x_wconf 87' lang='lat' dir='ltr'>ligno</span> <span class='ocrx_word' id='word_1_350' title='bbox 740 4083 834 4170; x_wconf 86' lang='lat' dir='ltr'>Deua</span> <span class='ocrx_word' id='word_1_351' title='bbox 854 4080 1029 4146; x_wconf 75' lang='lat' dir='ltr'>hominem</span> <span class='ocrx_word' id='word_1_352' title='bbox 1054 4079 1186 4166; x_wconf 84' lang='lat' dir='ltr'>expule-</span> 
     </span>
     <span class='ocr_line' id='line_1_45' title="bbox 80 4154 1186 4252; baseline 0.005 -30"><span class='ocrx_word' id='word_1_353' title='bbox 80 4154 146 4236; x_wconf 85' lang='lat' dir='ltr'>rit,</span> <span class='ocrx_word' id='word_1_354' title='bbox 179 4171 213 4222; x_wconf 91' lang='lat' dir='ltr'>et</span> <span class='ocrx_word' id='word_1_355' title='bbox 241 4155 279 4224; x_wconf 89' lang='lat' dir='ltr'>in</span> <span class='ocrx_word' id='word_1_356' title='bbox 300 4157 410 4248; x_wconf 85' lang='lat' dir='ltr'>aliqua</span> <span class='ocrx_word' id='word_1_357' title='bbox 429 4175 524 4248; x_wconf 82' lang='lat' dir='ltr'>parte</span> <span class='ocrx_word' id='word_1_358' title='bbox 544 4161 684 4247; x_wconf 81' lang='lat' dir='ltr'>paradrfi</span> <span class='ocrx_word' id='word_1_359' title='bbox 705 4183 783 4234; x_wconf 87' lang='lat' dir='ltr'>eum</span> <span class='ocrx_word' id='word_1_360' title='bbox 802 4163 956 4252; x_wconf 86' lang='lat' dir='ltr'>sepserit,</span> <span class='ocrx_word' id='word_1_361' title='bbox 989 4185 1034 4230; x_wconf 88' lang='lat' dir='ltr'>ne</span> <span class='ocrx_word' id='word_1_362' title='bbox 1053 4161 1186 4250; x_wconf 80' lang='lat' dir='ltr'>lignum</span> 
     </span>
    </p>
   </div>
   <div class='ocr_carea' id='block_1_7' title="bbox 0 0 1490 4826">
    <p class='ocr_par' dir='ltr' id='par_1_8' title="bbox 0 0 1490 4826">
     <span class='ocr_line' id='line_1_46' title="bbox 0 0 1490 4826; baseline 0 0"><span class='ocrx_word' id='word_1_363' title='bbox 0 0 1490 4826; x_wconf 95' lang='lat' dir='ltr'> </span> 
     </span>
    </p>
   </div>
   <div class='ocr_carea' id='block_1_8' title="bbox 773 3907 1359 4011">
    <p class='ocr_par' dir='ltr' id='par_1_9' title="bbox 773 3907 1359 4011">
     <span class='ocr_line' id='line_1_47' title="bbox 773 3907 1359 4011; baseline 0.003 -36"><span class='ocrx_word' id='word_1_364' title='bbox 773 3959 782 3988; x_wconf 92' lang='lat'>,</span> <span class='ocrx_word' id='word_1_365' title='bbox 806 3927 978 3980; x_wconf 82' lang='lat' dir='ltr'>terrenum</span> <span class='ocrx_word' id='word_1_366' title='bbox 999 3913 1066 3978; x_wconf 83' lang='lat' dir='ltr'>fuit</span> <span class='ocrx_word' id='word_1_367' title='bbox 1086 3927 1187 4011; x_wconf 78' lang='lat' dir='ltr'>atque</span> <span class='ocrx_word' id='word_1_368' title='bbox 1276 3923 1298 3978; x_wconf 78' lang='lat'>¹.</span> <span class='ocrx_word' id='word_1_369' title='bbox 1356 3907 1359 3916; x_wconf 69' lang='grc'>’</span> 
     </span>
    </p>
   </div>
  </div>
 </body>
</html>
