2890 4820
101 3533 123 3606 1Ι

266 367 359 420 xxiv
440 353 444 364 '

267 519 400 586 sublimi
430 521 664 589 admirationi·
690 519 883 606 amorisque
901 514 1146 584 intellectualia·
1160 513 1288 601 gaudio
1314 533 1405 577 ver·-

224 621 236 644 V
267 607 365 669 satur.
391 601 434 681 ³⁹)
477 607 588 692 Quam
619 607 662 669 ob
695 603 826 669 causam
854 601 941 666 nihil
971 603 1011 666 ab
1041 597 1209 685 contagia
1231 595 1404 662 alienum

266 687 353 762 suit,
388 709 487 774 quam
521 687 715 752 Dualiamua
736 687 794 752 iste
815 683 913 751 tristia
935 701 968 750 et
987 683 1016 748 ri
1042 705 1080 750 or
1099 680 1402 746 Manichaeorum

267 775 441 838 obacurua.
487 773 665 838 Caeterum
691 770 815 845 etiarn,
850 769 924 863 quia
945 789 1031 856 neg-a
1056 765 1141 830 itin
1165 764 1403 851 depingenda

266 877 379 919 rerum
407 854 623 920 universitate
645 855 834 919 albedinem
858 868 892 920 et
913 851 1126 939 nigredinem
1148 847 1273 934 abeque
1298 847 1403 909 veri·

266 937 345 1002 tatia
375 937 604 1020 diminutione
636 938 728 1002 varia
759 955 860 1024 atque
891 935 1021 1001 diverla'
1043 933 1176 1000 ratione
1204 929 1399 1028 componi,

265 1019 400 1086 misceri
423 1038 457 1086 ct
479 1023 671 1086 alterutram
695 1023 885 1106 praevalere
910 1021 1018 1106 posse,
1049 1031 1153 1104 prout
1175 1011 1212 1078 in
1232 1013 1401 1101 philoso-

264 1106 335 1190 pho
356 1105 410 1168 vel
432 1105 533 1182 timor
554 1121 654 1204 atquc
674 1107 745 1179 lex,
768 1107 823 1170 vel
845 1101 1001 1179 dilectio,
1032 1123 1117 1188 quae
1141 1098 1185 1162 esl
1204 1097 1292 1195 legia
1316 1099 1400 1182 ple·

265 1186 389 1252 nitudo
412 1203 446 1250 et
466 1187 649 1274 sapientiae
670 1188 852 1274 perfectio.
878 1189 991 1264 locum
1013 1185 1167 1250 obtineat
1184 1197 1395 1328 potiorem

265 1285 369 1356 prout
398 1273 453 1335 vel
487 1275 583 1336 dolor
616 1271 748 1360 peccati
772 1287 805 1334 et
826 1269 956 1336 tristitia
976 1285 1115 1356 propter
1137 1285 1234 1329 neae
1258 1265 1300 1327 ab
1324 1266 1397 1328 lao-

265 1351 361 1420 mine
384 1355 610 1431 commissum,
632 1357 686 1420 vel
708 1355 869 1441 gaudium
890 1352 1110 1419 ‘redemtionis
1133 1365 1168 1412 et
1189 1351 1287 1412 beata
1304 1365 1397 1410 con·

267 1435 406 1502 scientia
428 1439 589 1524 praeclari
613 1455 648 1502 et
668 1439 848 1514 adorandi,
880 1440 972 1525 quod
993 1438 1190 1500 Deuahomo
1211 1445 1398 1517 perpetra·

266 1517 336 1595 vit,
372 1521 482 1587 oerie
517 1521 554 1586 in
590 1527 807 1601 eiua,mentc
828 1518 1098 1609 praeponderet?
1133 1511 1394 1601 requaeritur,

266 1625 365 1667 num·
410 1603 526 1692 rigcna
555 1607 597 1670 de
628 1620 705 1669 ortu
735 1605 835 1678 mali,
872 1625 972 1690 quem
1002 1617 1093 1666 recte
1115 1619 1228 1684 neque
1249 1596 1286 1660 in
1310 1600 1394 1660 Deo

265 1707 311 1750 ne
334 1707 377 1748 ue
406 1686 443 1751 in
474 1689 542 1752 ulla
570 1687 751 1775 principali
782 1691 924 1774 quadam
956 1687 1052 1751 caula
1073 1685 1160 1748 mala
1183 1684 1223 1744 ab
1246 1696 1394 1743 aeterno

267 1767 319 1832 exi
347 1769 578 1857 enti,·noque
600 1771 635 1834 in
659 1788 828 1844 creatura,
863 1793 926 1856 qua
950 1791 1051 1855 opere
1073 1765 1159 1840 Dei,
1182 1784 1247 1828 nec
1269 1763 1393 1826 conse·

267 1867 410 1938 quanter
431 1853 468 1917 in
490 1853 641 1920 hominia
664 1857 716 1918 vcl
740 1853 851 1940 angeli
871 1855 1047 1918 voluntate
1069 1871 1134 1952 qua
1151 1845 1317 1912 divinitua
1331 1849 1392 1908 da·

266 1949 318 2009 ta,
355 1934 469 1999 sedin
492 1935 614 2002 illicito
638 1952 769 2000 tantum
792 1941 892 2016 hujue
914 1937 1101 1999 voluntatta
1123 1945 1220 1995 motu
1244 1933 1390 2015 ejusque

267 2017 391 2092 abusu,
425 2019 620 2106 sequanas.
643 2019 887 2106 augustinum,
918 2018 1038 2104 ponit,
1060 2013 1103 2092 ²⁵⁰)
1136 2033 1311 2099 perperam
1335 2016 1391 2090 ju-

267 2097 448 2177 dicaverit,
485 2101 631 2190 ideoquc
666 2104 746 2167 mali
768 2101 1056 2167 abominationem
1079 2112 1113 2160 et
1134 2094 1388 2181 turpitudinem

266 2185 452 2270 negaverit,
473 2202 573 2274 atque
595 2185 701 2251 sancti
725 2185 790 2250 Dei
811 2187 902 2270 legea
925 2199 959 2247 et
979 2179 1388 2246 institutioneaadverrua

266 2267 356 2331 idem
380 2267 521 2332 sancitae
545 2285 578 2332 et
601 2270 771 2333 ordinatae
792 2266 979 2354 neglexerit
1001 2279 1035 2329 ct
1049 2261 1299 2348 contempserit.
1323 2265 1387 2324 Vc·

265 2371 341 2413 rum
363 2350 387 2416 sa
409 2351 541 2435 eloquia
565 2356 635 2430 ejus
658 2355 721 2416 hac
743 2355 784 2416 da
805 2373 841 2414 re
864 2348 1011 2412 breviter
1033 2367 1071 2410 ac
1092 2343 1282 2410 summatim
1304 2365 1386 2408 con·

267 2431 390 2518 cipiae,
422 2431 622 2496 sententiam
652 2433 798 2532 reperies
831 2451 909 2497 cum
933 2431 1086 2496 doctrina
1108 2427 1261 2510 Dionysii
1282 2431 1383 2492 Areo·

264 2513 400 2611 pagitae
421 2530 455 2578 et
474 2517 508 2580 S.
531 2515 706 2612 Augustini
728 2537 839 2602 paene
851 2513 992 2578 omnino
1006 2533 1201 2598 congruam.
1237 2511 1383 2596 Erigena

267 2619 359 2661 emm
380 2596 417 2660 in
438 2601 502 2664 hac
522 2620 683 2685 regione,
713 2598 750 2662 in
773 2619 874 2684 quam
894 2599 997 2660 bomo
1019 2593 1280 2682 praevaricando
1312 2597 1381 2668 (de-

266 2679 401 2766 pulsae,
436 2696 476 2744 ut
497 2681 699 2768 Augustiana
721 2681 789 2757 ait,
814 2699 833 2744 a
855 2679 955 2744 bonia
977 2699 1048 2744 non
1074 2681 1115 2742 ad
1138 2681 1242 2752 mala,
1264 2697 1382 2742 verum

268 2765 310 2826 ad
331 2761 444 2840 minue
465 2766 554 2828 bona
576 2779 611 2828 et
631 2787 650 2830 e
669 2763 770 2830 bonia
789 2761 953 2850 malitque
974 2762 1091 2838 mixta)
1123 2763 1165 2825 de
1187 2761 1263 2826 sede
1284 2762 1381 2824 Para·

267 2845 326 2910 dili
348 2845 489 2922 cecidit,
513 2847 583 2934 ipsa
605 2849 706 2913 ctiam
726 2847 830 2921 vitia,
852 2867 939 2933 quae
960 2849 1034 2910 Deo
1056 2845 1210 2932 quamvia
1231 2863 1301 2908 non
1321 2864 1383 2908 vo·

223 2942 236 2966 ‘
267 2931 360 2993 lente
377 2945 489 2995 tamen
510 2931 745 3018 permittente,
764 2934 946 2994 humanam
968 2943 1122 2993 naturam
1144 2949 1253 3014 utque
1273 2927 1381 2992 desor-

265 3027 378 3090 mant,
411 3033 483 3078 non
516 3014 653 3102 quidem
674 3015 711 3078 in
732 3011 899 3086 hominii,
936 3027 1048 3084 tamen
1072 3011 1109 3075 in
1132 3009 1289 3076 creatoria
1308 3011 1376 3074 lau·

268 3098 345 3160 dem
372 3099 623 3186 quodammodo
655 3101 817 3166 vertenda
844 3095 988 3183 putavit.
1018 3093 1065 3170 ¹⁸²)
1118 3097 1259 3159 Nullum
1288 3085 1379 3158 'enim

265 3179 389 3246 vitium
411 3181 546 3246 existere
566 3197 735 3258 autumat,
759 3183 851 3280 quod
869 3195 939 3247 non
962 3179 1080 3242 umbra
1102 3179 1142 3242 fit
1157 3177 1297 3257 alicujus
1314 3176 1381 3239 vin

267 3260 369 3338 tutia,
405 3278 446 3327 ut
478 3263 554 3341 „ira
574 3263 812 3340 correctionis,
833 3259 966 3338 luxuria
988 3261 1135 3348 quietio·
1157 3277 1241 3338 etc,
1263 3261 1315 3325 vel
1335 3279 1375 3325 ex

299 3519 347 3577 ml
366 3519 405 3572 Ci.
427 3519 477 3573 lib.
496 3521 529 3572 V.
550 3537 578 3594 p.
596 3522 657 3582 ⁶³8·
683 3521 726 3585 „0
744 3523 890 3594 quautam''
908 3528 961 3578 ele.

300 3589 350 3650 stt
367 3589 406 3644 Cf.
426 3589 476 3648 lib.
494 3589 540 3644 tv.
570 3591 623 3654 „Et
640 3593 704 3663 qnia
722 3593 917 3648 curcurlum
936 3607 987 3644 uec
1003 3591 1033 3646 ia
1050 3595 1145 3642 natura
1162 3586 1395 3642 remoramina.»-

336 3657 440 3710 tialiter
457 3660 615 3727 inreritum
644 3678 733 3733 neque
751 3678 783 3714 cx
802 3669 873 3714 certa
893 3677 970 3712 cauea
987 3667 1016 3712 et
1033 3659 1149 3712 naturali
1167 3655 1304 3728 procedit,
1327 3673 1374 3725 per

333 3742 362 3778 re
387 3728 460 3780 euim
486 3729 685 3782 consideratum
717 3732 828 3784 omnino
847 3728 919 3782 nibil
939 3735 980 3782 eat
998 3735 1103 3800 praeter
1121 3725 1329 3778 irrationabilem
1345 3731 1374 3779 et

334 3811 488 3866 perranum
516 3799 757 3872 imperfectumque
781 3797 953 3852 rationabilia
983 3803 1095 3851 naturae
1123 3802 1243 3848 molum:
1278 3793 1372 3847 nullm

335 3865 415 3915 aliam
433 3865 463 3917 in
481 3869 605 3920 univerae
622 3877 741 3921 creatura
758 3867 849 3922 aedem
867 3867 984 3938 reperit,
1001 3867 1054 3918 niel
1069 3864 1117 3917 ubi
1131 3865 1232 3917 inlaitaa
1244 3861 1371 3984 garaidon

335 3949 385 4016 prp
408 3935 444 3984 ria
473 3943 562 4015 autem
582 3937 707 4020 ltlpltrtir
723 3939 859 4020 porrectio
875 3921 917 4020 lat
933 3951 1024 3988 rentur
1044 3933 1237 4022 corporepal'¹
1270 3939 1371 4002 tpcrro

334 4001 792 4144 lucullanis,:1¹:3⁰3
810 3999 1371 4146 tlftsslulttzltttultl

336 4139 532 4205 „Chriatlicbea
550 4144 587 4196 im
605 4145 713 4197 Plato.'’
727 4163 746 4216 p
774 4147 833 4204 1812
902 4163 915 4176 ··

301 4209 348 4276 41)
374 4208 415 4292 Cf·
443 4209 492 4262 lib.
516 4212 549 4264 v.
575 4229 603 4284 p.
628 4215 687 4276 aaa
723 4214 778 4280 „Et
795 4214 848 4270 hoc
866 4223 907 4270 en
924 4213 1036 4286 aarum·
1055 4219 1106 4268 etc.
1142 4209 1177 4264 Et
1194 4203 1262 4263 ibid
1279 4223 1303 4278 p.
1316 4205 1368 4266 bn

337 4275 438 4344 ,Aliud
457 4280 544 4340 enim”
562 4289 615 4343 etc,
1243 4331 1248 4344 ,
