3038 4832
448 180 452 192 ¹
498 237 607 313 ute
626 212 824 315 ommim,
1143 235 1217 312 m

92 421 217 494 toralia
238 421 330 490 actio
348 420 419 490 inei
445 419 492 501 it,
513 444 586 492 non
607 419 778 490 immerito
797 415 953 488 rescitur.
978 419 1164 569 siquidem
1181 436 1216 486 et

91 511 132 576 in
166 507 370 576 coelestibus.
437 507 540 574 entiie
562 529 582 572 a
601 505 713 595 primo
735 503 874 582 ordine,
908 525 975 592 quo
1020 503 1216 570 immediate

119 593 172 660 osi
192 597 306 658 Deum
326 589 472 677 incipit,
494 613 604 679 utque
627 593 669 656 ad
691 605 876 655 extremum
899 587 1062 688 gradatim
1083 589 1216 654 descen-

91 619 280 752 lentibus,
312 677 542 764 quodcunque
562 677 645 741 ordo
667 671 819 760 superior
839 671 875 737 in
896 671 1051 737 inferiori
1074 673 1107 736 se
1130 671 1218 757 ordi-

93 784 144 908 ”i
164 757 624 910 liiiiitiffldii'iffims
645 753 1216 906 “stlilttsttltltttsttt

93 869 224 1004 iubat,
246 925 475 1012 naturaliaque
496 889 586 992 actio
603 865 767 990 aiummo
785 945 892 1021 usquc
910 924 1063 990 deorsum
1084 923 1219 988 descen·

94 1011 153 1077 dit
161 1057 187 1088 ,.
206 1010 378 1095 refertur„
403 1009 476 1104 lpse
508 1007 611 1082 enim
631 1008 728 1086 causa
758 1028 931 1083 omnium,
963 1005 1116 1094 quamvis
1144 1027 1217 1070 non

121 1117 164 1160 er
183 1091 341 1181 seipsam,
374 1091 535 1178 quoniam
556 1089 777 1170 immutabilia
799 1087 861 1166 est,
890 1091 949 1155 sed
969 1113 1029 1178 per
1049 1087 1218 1154 subditam

92 1119 165 1244 ibi
198 1192 385 1244 creaturam
405 1175 656 1260 univerfitatem
678 1174 783 1250 totius
805 1190 944 1240 naturae
966 1197 985 1240 a
1005 1175 1039 1239 se
1061 1173 1220 1240 conditae

94 1277 213 1338 creet,
244 1274 400 1334 moveat,
435 1261 619 1358 gubernem
649 1273 722 1324 tota
743 1273 856 1324 tamen
882 1255 1017 1323 divinae
1038 1257 1228 1346 providem.

94 1345 172 1410 tiae
205 1341 411 1430 dispensatio
443 1364 481 1408 ιιι
503 1355 578 1408 eam
598 1340 809 1417 refunditur,
868 1339 925 1406 uia
945 1343 1043 1408 causa
1064 1339 1219 1407 omnium

95 1427 158 1494 eil.
210 1425 306 1525 Quid
341 1424 452 1490 dicam
484 1427 526 1490 de
556 1424 733 1492 ordinibus
763 1427 854 1492 eccle
880 1447 918 1490 ae
949 1424 986 1489 in
1016 1429 1080 1490 bac
1108 1427 1219 1490 adhuc

96 1511 240 1578 mortali
261 1507 333 1574 vita
356 1507 583 1595 constitutae,
610 1508 732 1596 quibua
753 1509 1001 1608 Episcoporum
1023 1513 1106 1574 ordo
1127 1530 1221 1596 prae·

96 1593 237 1660 seruari
260 1590 420 1680 nunquid
440 1595 659 1678 omnqquod
680 1609 830 1658 caeterae
853 1591 1105 1680 drapofitionea,
1133 1612 1219 1680 quae

94 1675 301 1766 posteriores
323 1677 419 1753 sunt,
444 1675 480 1740 in
507 1675 688 1743 distributio
710 1675 770 1742 fibi
793 1675 911 1742 officiis
932 1675 1152 1768 peregerint,
1176 1677 1220 1740 ad

99 1784 184 1828 eum
212 1758 423 1846 Episcopum
451 1759 644 1835 reducitur,
679 1759 840 1849 quoniam
864 1763 904 1825 ab
928 1782 968 1826 eo
989 1759 1110 1848 posteri
1133 1757 1221 1826 ordi*

97 1849 168 1996 ii
196 1842 1221 2008 stafili?{tettlasfflttttit”illibatissimi

125 1947 350 2076 uiuecelefiie
370 2007 552 2097 spiritualia
574 2011 726 2097 operatio
747 2034 808 2097 per
829 2011 939 2096 ipsum
959 1975 1103 2076 resertir
1118 2009 1156 2076 irt
1170 2009 1220 2096 ip-

99 2035 175 2160 grn
198 2091 349 2167 causam,
372 2097 483 2176 Deum
506 2092 604 2169 dico,
635 2093 790 2158 omnium
810 2096 976 2158 bonarum
996 2093 1222 2177 mysticarum·

99 2201 172 2267 qne
195 2175 382 2244 actionum.
410 2177 479 2242 Cur
500 2197 580 2275 erqo
601 2175 745 2252 mirum,
767 2178 790 2240 fi
812 2176 941 2263 primus
959 2181 1063 2242 homo
1081 2179 1124 2241 ad
1140 2175 1222 2240 ima·

99 2261 224 2351 ginem
238 2259 304 2324 Dei
322 2259 497 2338 conditur,
522 2259 745 2346 divinumque
763 2275 981 2356 praeceptum
993 2259 1220 2347 transgressus,

99 2368 143 2412 ac
171 2367 235 2433 per
264 2347 332 2408 hoc
361 2347 403 2409 de
424 2341 637 2410 beatitudine
657 2343 803 2408 Paradrsr
824 2344 997 2428 expulsus,
1032 2343 1151 2430 fragile
1176 2358 1223 2406 at·
1271 2365 1273 2372 ’

125 2452 173 2494 ue
204 2429 347 2494 morule
375 2431 417 2492 de
444 2430 518 2492 luto
551 2442 658 2492 terrae
679 2427 810 2491 sibimet
830 2427 1061 2492 habitaculum
1082 2441 1221 2504 crearet,

132 2511 228 2576 'vina
272 2509 464 2576 rovidentia
486 2509 696 2586 admonitus,
718 2525 759 2574 ut
780 2510 860 2596 quia
881 2511 1019 2578 coeleste
1040 2532 1162 2597 corpus
1183 2532 1225 2578 ac

103 2595 229 2662 siritu
263 2617 281 2660 e
314 2597 355 2660 ab
386 2593 459 2682 ipso
493 2598 575 2660 Deo
595 2593 773 2660 conditum
826 2592 964 2660 osfidere
996 2611 1031 2660 et
1059 2593 1225 2660 custodire
1285 2637 1290 2650 ·

121 2681 272 2768 uperbua
304 2679 514 2764 neglexerat,
558 2697 747 2767 congruum
775 2617 835 2744 fiii
863 2679 941 2743 suae
969 2677 1224 2744 inobedientiae

105 2761 232 2830 merito
263 2763 406 2826 mortale
432 2760 619 2859 hospitium
651 2783 691 2825 ex
721 2777 852 2827 terrena
879 2762 1018 2827 materia
1042 2761 1223 2849 sumptum,

107 2845 307 2914 humiliatus
330 2845 473 2922 faceret,
496 2867 535 2908 m
557 2864 625 2942 quo
647 2843 788 2930 punitus
809 2845 1018 2932 poeniteret,
1045 2861 1079 2908 et
1099 2841 1225 2910 exerci·
1360 2885 1364 2892 -

111 2947 204 2994 tatur
224 2931 267 2994 ad
287 2927 459 3014 pristinam
482 2927 683 3014 dignitatem
703 2942 843 2992 naturae
859 2930 935 2992 suae
953 2927 1063 2994 redire
1080 2926 1125 2995 sei
1151 2927 1226 2994 sum

111 3014 388 3100 recognoscendo
410 3027 446 3074 et
465 3008 679 3082 humiliando
700 3011 855 3098 peteret?
888 3033 953 3076 nec
974 3014 1016 3076 de
1036 3013 1104 3076 hoc
1124 2952 1226 3098 lorip-

109 3114 186 3163 lun
206 3111 306 3160 tacet·
383 3147 387 3158 .
645 3139 652 3152 ·

172 3163 225 3246 2¹6.
253 3179 342 3244 Nam
369 3177 442 3264 poll
470 3173 793 3264 praevaricationem
823 3173 989 3243 continuo
1020 3177 1062 3242 de
1083 3173 1226 3276 simplici

106 3267 258 3330 humana
278 3275 400 3326 natura
421 3276 499 3326 ante
519 3277 715 3351 peccatum,
737 3261 774 3324 in
798 3259 969 3350 duplicem
989 3261 1103 3326 sexum
1120 3259 1227 3328 divisa

133 3347 182 3414 osi
210 3345 342 3420 casum,
373 3341 437 3422 ait,
470 3349 519 3410 Et
546 3337 852 3446 eoqsaeruntsolia
867 3343 977 3436 fieus,
1007 3358 1042 3408 et
1062 3339 1229 3496 lecerunt

97 3373 172 3524 lbi
197 3431 423 3514 perizoma,
455 3443 569 3516 aperte
597 3427 770 3493 insinuant
798 3430 959 3496 soliorum
990 3429 1060 3528 sym
1086 3431 1141 3495 olo
1164 3429 1228 3494 sra-

109 3515 216 3604 gilem
246 3529 349 3600 atque
377 3513 539 3578 caducam
569 3511 720 3578 mortalit
748 3515 849 3594 hujus
878 3534 1028 3600 corporae
1061 3510 1228 3580 conditio·
1256 3517 1259 3522 “

108 3621 211 3674 nem,
245 3618 348 3684 quam
378 3593 438 3662 srbi
468 3599 572 3662 homo
600 3595 672 3682 poll
698 3593 911 3664 suiruinam
931 3613 1069 3662 texerat.
1110 3592 1229 3664 Nostra
1276 3653 1289 3666 ι

109 3677 276 3770 liquidem
306 3677 462 3746 mortalia
489 3700 631 3768 corpora
667 3677 743 3744 latia
765 3678 823 3745 srci
844 3680 934 3747 soliis
955 3680 1230 3765 simillimasunt.

108 3768 199 3832 Nam
219 3765 505 3852 quemadmodum
525 3761 608 3831 solia
628 3761 686 3828 illa
706 3767 861 3840 umbram
877 3761 1028 3840 socium,
1050 3761 1163 3830 radica
1180 3763 1231 3828 so·

109 3849 155 3914 lia
184 3849 387 3923 excludunt3
418 3847 463 3912 fic
488 3847 597 3914 nuslra
626 3867 768 3936 corpora
788 3864 822 3913 et
843 3851 996 3915 tenebrae
1017 3845 1232 3937 ignorantiae

113 3929 290 3999 animabus
317 3929 500 4020 ingerunt,
519 3945 572 3995 ·et
594 3929 747 3998 veritatia
782 3931 1016 4022 cognitionem
1048 3931 1231 4022 repellunt.

114 4015 212 4104 Quae
240 4031 355 4082 tamen
377 4013 459 4080 folia
479 4005 606 4092 nostra,
639 4031 772 4084 terrena
793 4039 935 4105 corpora
956 4016 1051 4094 dico,
1085 4017 1233 4082 terrena·

108 4123 189 4166 rum
204 4097 523 4186 mortiferarumque
539 4097 737 4166 deliciarum
753 4099 969 4168 dulcedinem
988 4098 1142 4190 undique
1162 4097 1232 4163 val·

110 4185 182 4253 lare
202 4197 239 4252 et
258 4181 482 4264 obumbrare,
503 4181 611 4274 inque
630 4183 680 4255 eie
700 4203 765 4255 noe
785 4185 901 4258 fallere
914 4185 1151 4256 consuetcunt.
1184 4181 1232 4250 Et
