3048 4856
569 239 677 316 atter
701 239 855 312 omnm.
1188 187 1266 318 m

150 424 262 494 intell·
287 439 383 500 atur.
418 423 442 490 fi
470 423 631 496 voluntat
661 422 753 502 tutet
781 440 816 500 et
842 421 923 490 viiio
946 436 981 488 et
1002 423 1137 492 effentia
1158 445 1265 496 unum

150 509 207 580 est.
283 553 292 572 .
324 505 428 606 Cogit
459 511 527 588 jam
548 529 612 577 not
634 507 732 576 fateri
753 507 868 584 omnia
889 527 1111 594 quaecunque
1132 525 1265 578 aeterne
1322 527 1324 541 '

151 608 187 658 et
214 591 307 657 facte
336 593 499 658 dicontur
522 591 700 661 dominum
722 593 796 658 effe.
839 591 875 660 Si
896 588 988 659 enim
1012 590 1127 656 divina
1148 593 1268 661 volun·
1378 605 1381 618 '

152 691 204 742 tta
224 673 411 762 divinaque
430 673 513 744 visto
537 675 715 746 effentialia
732 675 791 753 est,
812 691 846 744 et
862 691 1016 750 aeterno.
1034 689 1074 740 et
1089 695 1160 742 non
1174 676 1266 744 aliud

151 759 197 824 est
218 758 249 824 ei
272 759 335 826 effe
356 757 449 828 aliud
469 760 558 827 velle
580 759 672 828 aliod
692 759 830 837 videre,
852 761 910 826 fed
930 780 1037 824 onum
1057 773 1091 824 et
1105 757 1141 823 id
1155 757 1264 847 ipsum

149 843 190 908 fu
216 841 421 908 ereffentiale
451 858 486 908 et
516 865 619 910 omne
640 848 869 933 quodeunque
890 840 979 914 intra
1000 840 1212 910 voluntatem
1234 859 1266 910 et

147 865 315 992 viionem
347 926 625 1014 comprehendit,
656 949 728 994 ιιοιι
755 927 848 994 aliud
877 941 1009 1014 praeter
1036 925 1147 1074 {psum
1179 928 1266 994 ratio

148 1009 230 1076 nuit
249 1007 415 1096 intelligit
448 1011 586 1099 fimplex
605 1011 769 1099 fiqttidem
788 1027 908 1078 natura
929 1009 1017 1077 intra
1052 1029 1162 1076 enon
1183 1010 1268 1098 pati·

147 1109 206 1160 tur
235 1093 299 1158 effe
330 1095 422 1180 quod
452 1094 523 1182 ipit
550 1114 622 1162 non
653 1095 712 1171 fit,
747 1096 844 1170 restat
865 1095 933 1160 fine
954 1095 1022 1157 ulla
1043 1095 1288 1162 controvertit'

148 1199 260 1242 ιιιιιιιιι
294 1176 471 1269 dominum
496 1176 612 1244 omnia
633 1176 671 1242 in
694 1179 853 1247 omniboe
875 1178 938 1244 effe
952 1175 1066 1250 fateri.
1109 1180 1154 1244 Et
1174 1178 1198 1246 st
1219 1178 1268 1244 ita

147 1261 214 1335 est,
237 1263 279 1326 de
302 1259 501 1326 aeternitate
523 1259 679 1332 omnium
702 1261 844 1350 quaein
867 1265 941 1326 Deo
961 1261 1057 1336 sunt,
1080 1258 1151 1326 imo
1165 1260 1266 1328 etiam

153 1365 243 1431 quoe
271 1345 367 1408 Deua
390 1343 487 1420 sunt,
517 1366 619 1413 nemo
640 1345 697 1432 pie
717 1344 1029 1432 philosophantium
1052 1347 1152 1410 debet
1173 1343 1271 1432 igno·

150 1449 238 1492 rare.
282 1427 403 1490 Adhuc
432 1441 544 1494 tamen
575 1449 647 1496 non
678 1429 756 1496 satia
788 1427 912 1504 video,
947 1430 1120 1514 quomodo
1150 1427 1268 1498 divina

147 1526 271 1576 natura
293 1525 384 1605 extra
407 1532 507 1596 quem
530 1509 617 1578 nihil
640 1513 704 1588 est„
724 1528 758 1578 et
778 1512 868 1578 intre
913 1533 990 1578 unm
1007 1509 1180 1578 subsistunt
1199 1534 1267 1578 om·

146 1591 229 1668 nie.
270 1592 358 1662 nitu!
379 1591 468 1658 intra
489 1594 525 1660 ie
542 1594 611 1660 reci
638 1595 666 1660 it
689 1597 752 1662 effe
773 1599 865 1683 quod
886 1535 946 1660 ibi
964 1594 1176 1660 coeffentiale
1197 1617 1267 1664 non

148 1677 202 1742 [tt.
244 1678 291 1742 Μ.
317 1679 368 1740 De
391 1698 431 1742 eo
453 1681 546 1763 quod
565 1619 661 1744 nuiia
682 1696 802 1746 natura
823 1677 985 1754 subsistat,
1008 1693 1140 1764 praeter
1162 1677 1267 1744 domi-

147 1779 235 1828 uum
252 1774 285 1824 et
299 1773 505 1836 creaturam.
528 1783 600 1827 non
616 1761 770 1828 dubitare
787 1778 819 1826 te
834 1760 1057 1833 crediderim.
1080 1759 1149 1826 imo
1165 1761 1267 1828 etiam

147 1841 231 1906 satia
251 1857 285 1906 te
305 1841 422 1904 videre
442 1841 671 1904 videntem
693 1849 786 1926 quod
808 1843 915 1906 dixisti
937 1847 979 1906 de
1002 1841 1265 1920 divinationum,

149 1939 245 1992 extra
267 1943 367 2010 qoem
389 1921 477 1986 nihil
499 1921 559 1998 est,
591 1921 640 1988 ita
661 1921 771 2000 intelli
798 1923 825 1988 ἰ
846 1939 886 1988 ut
907 1925 1050 1991 arbitror
1072 1925 1268 1992 creatricem

148 2006 292 2096 quidem
313 2021 470 2072 notorem
490 2003 579 2070 nihil
600 2019 693 2078 extra
714 2007 747 2070 ie
768 1947 891 2082 iitere,
913 2007 992 2092 quia
1014 2023 1105 2075 extre
1122 2031 1199 2078 eum
1216 2009 1268 2076 ni·

148 2091 202 2166 hil
228 2087 339 2236 potest
366 2089 447 2166 effe3
482 2103 595 2154 totum
615 2108 698 2152 vero
723 2092 815 2176 quod
836 2089 980 2164 creavit,
1013 2105 1048 2154 et
1069 2107 1159 2156 creat
1179 2091 1268 2160 intre
1348 2123 1353 2139 .

149 2174 223 2260 [eip
241 2196 292 2238 am
322 2172 517 2248 continere;
548 2169 596 2236 ita
628 2187 741 2238 tamen
764 2185 804 2234 ut
824 2170 917 2236 aliud
937 2172 995 2246 fit,
1026 2171 1097 2256 ipsa
1141 2173 1197 2238 oie
1219 2176 1269 2242 su·

147 2256 392 2347 pereffentialie
415 2255 459 2318 est
481 2269 514 2318 et
535 2253 628 2320 aliud
650 2257 742 2341 quod
763 2253 1008 2328 interemerit,
1030 2195 1267 2342 namieipiom
1319 2253 1323 2265 '

149 2363 265 2412 creare
286 2362 358 2406 non
381 2338 444 2404 tibi
465 2336 642 2404 verisimile
663 2335 809 2404 videtur.
852 2341 894 2402 D.
927 2339 1050 2402 Totam
1073 2341 1268 2427 conceptio·

149 2447 233 2490 nem
254 2421 471 2511 cogitationis
492 2443 586 2486 meae
608 2424 650 2486 de
667 2425 740 2486 Deo
759 2435 793 2486 et
807 2436 957 2489 creatura
971 2421 1175 2508 perspexisti.
1197 2425 1267 2492 Fir·

149 2507 254 2575 miter
283 2506 375 2574 enim
410 2521 511 2592 atque
539 2503 734 2570 inconcuffe
766 2519 866 2570 teneo
888 2505 1015 2570 nullam
1036 2521 1192 2574 naturam
1213 2513 1267 2576 vel

155 2607 302 2662 creatam
330 2591 386 2656 vel
412 2609 484 2654 non
505 2603 666 2666 creatam,
699 2602 791 2654 extra
813 2587 990 2654 dominum
1012 2589 1199 2668 subsistere,
1219 2609 1269 2660 ,et
1341 2631 1345 2641 ·

153 2676 251 2742 nullo
272 2677 377 2742 modo
398 2673 471 2740 effe.
515 2673 627 2738 Omne
655 2692 735 2736 vero
758 2674 851 2758 quod
871 2671 1009 2736 subiistit
1029 2673 1096 2737 five
1118 2669 1267 2743 cre'atum

152 2759 223 2824 five
254 2779 325 2824 non
356 2771 524 2832 creatum,
557 2754 647 2824 intra
674 2753 687 2820 i
714 2755 784 2820 [ιιιιι
821 2754 1001 2822 contineri.
1043 2759 1091 2822 Ac
1120 2780 1180 2843 per
1201 2761 1267 2826 hoc
1321 2807 1332 2834 .
1440 2807 1442 2815 ,

156 2841 262 2908 totius
295 2839 519 2924 univeriitatit
540 2837 675 2926 plenitu
700 2837 791 2905 inem
811 2838 864 2902 hie
886 2837 994 2916 veluti
1015 2841 1145 2906 duabus
1168 2842 1269 2927 parti·

155 2929 219 2990 bue
240 2923 420 2998 concludi,
441 2927 509 2988 hoc
530 2922 591 2998 est,
613 2925 688 2988 Deo
705 2936 739 2986 et
757 2937 907 2989 creatura
922 2925 1085 2988 hactenus
1100 2928 1267 2992 tenebam.
1336 2955 1339 2962 ⁴

158 3011 227 3076 sed
254 3031 348 3076 nunc
377 3005 499 3072 iterum
522 3005 605 3072 fidet
627 3025 702 3072 mea
722 3003 860 3069 videtur
879 3021 999 3068 nutare
1044 3006 1200 3072 raediotia
1219 3031 1269 3076 ra·
1321 3029 1323 3039 ’

156 3091 438 3158 tiocinationibue
459 3089 638 3156 infirmata.
680 3090 729 3152 M.
753 3085 871 3152 Fidem
896 3104 989 3152 tuam
1030 3088 1179 3156 abilitam
1193 3093 1267 3170 effe,

153 3197 303 3274 veraque
329 3173 462 3240 ratione
490 3171 658 3238 munitam
687 3171 750 3238 effe
771 3171 872 3236 video
893 3172 1007 3238 [altem
1029 3171 1065 3236 in
1088 3176 1154 3240 hoc
1177 3192 1267 3240 extra

154 3263 334 3326 dommum
355 3257 441 3322 nihil
464 3257 527 3320 effe
548 3259 698 3322 credent.
742 3259 788 3332 D.
807 3259 855 3319 lta
876 3271 915 3318 ut
938 3254 1047 3330 dicis,
1070 3255 1155 3322 illud
1178 3259 1269 3326 enim

155 3341 327 3430 puriffime
348 3342 570 3426 contemplor.
611 3341 660 3404 M.
684 3337 892 3426 Diligentius
916 3338 1031 3426 itaque
1053 3355 1087 3404 et
1108 3342 1270 3430 perspica-

157 3426 234 3492 ciua
256 3423 380 3490 mentia
402 3423 509 3490 aciem
534 3421 623 3488 circa
645 3445 683 3488 eo
704 3445 790 3509 quae
805 3421 899 3488 ,intra
920 3423 1096 3488 dominum
1119 3426 1182 3488 effe
1203 3448 1270 3493 cre·

158 3508 211 3576 die
241 3508 430 3576 circumfer.
473 3511 516 3572 D.
546 3512 636 3574 lntre
658 3505 836 3574 dominum
856 3505 944 3572 nihil
965 3507 1056 3577 aliud
1079 3509 1141 3574 effe
1162 3510 1270 3578 sentio

156 3607 289 3681 praeter
309 3591 451 3682 seipsum
473 3606 508 3656 et
528 3591 568 3654 ab
592 3612 633 3658 eo
653 3590 828 3658 conditam
844 3605 1041 3658 creaturam.
1072 3593 1122 3656 M.
1140 3596 1179 3660 ln
1196 3597 1271 3660 Deo

97 3747 100 3754 ,
156 3697 239 3766 ergo
261 3675 356 3742 video
377 3677 471 3763 quod
491 3679 584 3740 Deua
606 3673 754 3740 nonest.
795 3678 839 3740 D.
874 3673 980 3742 Video
1001 3697 1043 3740 ex
1063 3675 1203 3744 domino
1225 3693 1272 3748 ta·
1406 3709 1420 3720 ·

155 3781 236 3826 men
258 3776 417 3826 creatum.
458 3761 507 3829 Μ.
540 3757 634 3844 Quid
654 3757 769 3845 itaque
792 3755 855 3822 tibi
875 3757 1037 3826 videtur?
1072 3782 1156 3826 num
1178 3765 1271 3826 Dent
1343 3788 1347 3820 e

112 3901 118 3914 .
157 3842 276 3943 omnia
295 3865 382 3932 quae
403 3842 709 3940 fecit,·antequam
724 3839 847 3944 tierent
859 3840 971 3910 vidit?
992 3847 1036 3908 D.
1052 3845 1141 3944 Etim
1155 3844 1272 3944 vidiffe

157 3949 281 4082 §.5¹¹3
298 3925 1271 4110 iiiiii{iiiiiiiiiiiiffnsstiiiiiifiiiifiifi'

161 4117 297 4182 eaquae
306 4094 429 4194 fecitet
438 4118 476 4160 ea
485 4117 571 4182 quae
580 4093 866 4192 fecttprtuaqoam
875 4093 1105 4194 feceretvidtt
1116 4099 1271 4162 D.1tate·

160 4201 240 4250 neo.
253 4179 503 4267 M.Dthuaeio
512 4202 597 4270 quae
607 4179 1143 4268 sunnllaquaenempnmquam
1152 4179 1272 4246 fierent
