2884 4820
322 287 398 360 aaa
647 289 700 358 lle
722 289 906 358 lsieiar'ert'e
929 288 1102 356 Naturae.

326 473 541 538 structionem
574 473 776 550 solutionem
799 495 844 538 ue
874 463 1053 558 corporu'rn
1084 469 1276 558 accipimur.
1315 467 1416 554 Quan'

326 555 584 622 destructionem
605 556 704 634 dico,
726 495 827 622 inuiti
847 558 1003 620 nolenter
1024 557 1180 628 credere,
1202 556 1244 618 ad
1265 551 1353 616 soliar
1370 555 1398 614 al·

327 639 473 726 legoriae
496 641 587 726 leges
607 656 802 722 recurrunt,
838 655 871 702 et
891 661 951 726 per
974 639 1144 703 desectum
1165 635 1416 700 solia·titubttio·'

327 737 408 790 nem
429 722 509 788 fidei
531 722 631 788 etiam
653 720 1152 808 persectiffimorumvvirorum,
1175 718 1233 808 qui
1253 734 1328 782 tutte
1341 733 1416 780 teut-¹

259 869 262 876 ,
325 805 438 892 porie',
474 810 607 894 quando
640 805 728 870 siliua
758 804 947 890 iniquitatis
976 803 1166 890 apparebit,
1203 801 1304 866 futuri
1338 799 1398 863 suut

329 889 446 966 Cujua·
467 889 653 975 persecut-io
690 889 727 954 in
752 904 882 952 tantum
906 890 1058 951 tenebrae
1081 885 1200 950 errorie
1222 899 1255 950 et
1272 883 1397 971 perfidiae

327 971 488 1046 inducet3
521 987 560 1036 ut
588 995 658 1036 non
684 973 795 1039 solum
827 971 863 1036 in
894 972 988 1035 coelo
1021 971 1174 1034 ecclesiae
1211 969 1344 1032 camalet
1360 964 1399 1050 qui

326 1051 393 1199 per¹
415 1058 555 1130 lunam,
587 1077 703 1120 verum
738 1055 839 1118 etiam
873 1053 1111 1140 spiritualiores
1139 1050 1198 1138 qui
1231 1073 1289 1138 per
1316 1051 1397 1121 slellar,

343 1137 448 1200 ammi
470 1159 604 1224 quoque
626 1154 659 1202 et
681 1135 927 1223 spiritualissimi
951 1141 1114 1200 Doctores
1137 1139 1208 1212 ejua
1231 1133 1286 1220 qni
1304 1133 1398 1218 perse·

328 1221 396 1284 lem
429 1221 563 1306 mystice
598 1222 882 1308 praedurantur,
914 1221 1028 1283 lumen
1052 1219 1258 1282 orthodoxae
1276 1215 1345 1281 fidei
1361 1231 1398 1274 aar

329 1305 370 1366 nd
402 1318 534 1389 tempus
565 1307 688 1370 abscon
716 1319 797 1377 ent,
831 1318 887 1366 aut
910 1301 1016 1366 territi
1038 1301 1216 1374 minuent,
1252 1315 1306 1363 aot
1326 1300 1397 1360 abra

208 1397 210 1403 ’
331 1385 468 1470 penitae
490 1389 656 1452 labentur.
675 1415 677 1423 ,
701 1387 810 1472 Quam
832 1387 995 1450 theoriam
1017 1405 1128 1470 neque
1149 1405 1213 1450 noe
1235 1379 1396 1446 refellimus

330 1485 550 1534 veruntamen
574 1469 734 1534 audiendi
757 1487 827 1534 nen
852 1470 947 1542 sunt,
971 1469 1029 1555 qui
1050 1471 1143 1552 hanc
1163 1469 1274 1530 locum
1296 1457 1416 1546 evange-i

328 1549 433 1616 licum
451 1552 618 1618 violenter
640 1553 823 1617 secondum
839 1553 1005 1616 historiam
1020 1557 1189 1616 'conantur
1208 1551 1343 1620 albuere,
1361 1551 1416 1628 pul

328 1647 457 1709 tantee,
493 1639 584 1722 quod
617 1657 791 1722 nunquam
817 1635 1006 1700 coelestium
1029 1655 1209 1718 corporum
1231 1631 1316 1696 casua
1333 1621 1416 1698 lauil

328 1716 383 1780 nia
413 1717 449 1782 in
468 1719 548 1782 'sine
575 1719 695 1782 mundi
730 1720 862 1782 suturua
885 1719 944 1802 srt3
979 1719 1033 1780 sed
1057 1717 1192 1782 illorum
1216 1715 1353 1800 splendor
1369 1705 1416 1780 lul

326 1799 499 1885 parabitur
510 1801 614 1864 nimia
633 1800 781 1864 claritate
797 1800 1063 1886 supervenientia
1080 1798 1216 1878 judicie,
1238 1793 1398 1880 coelesliuu·

328 1903 395 1966 que
416 1884 625 1948 ellantiarum
648 1905 725 1948 cum
748 1883 819 1969 ipso
843 1883 1136 1955 descendentium
1160 1882 1293 1966 quando
1315 1890 1416 1960 ventum

328 1982 385 2028 rua
413 1965 456 2028 est
484 1965 633 2046 judicare
661 1965 760 2030 viror
791 1982 824 2030 et
853 1982 1015 2030 mortuos.
1062 1968 1206 2028 Adduna
1225 1962 1315 2026 etiam
1334 1960 1416 2021 Para:

290 2051 291 2059 ’
329 2047 451 2150 digma·
474 2048 654 2114 exorientia
688 2049 764 2112 solia
792 2049 912 2122 radiis,
950 2047 1007 2134 qui
1037 2047 1168 2132 impetu
1192 2047 1252 2108 suo
1273 2043 1416 2132 fulgurea

328 2131 471 2195 altorum
502 2133 642 2196 siderum
671 2134 881 2205 obtundunt,
909 2131 978 2194 imo
1003 2130 1102 2194 etiarn
1127 2134 1166 2192 ab
1194 2126 1296 2192 oculia
1316 2123 1416 2188 noan}

328 2215 505 2296 auseruntt
527 2215 562 2278 in
586 2216 618 2278 se
641 2237 718 2278 nam
743 2235 788 2278 ue·
808 2214 884 2300 ipsae
906 2213 1107 2297 suiluminie
1125 2201 1416 2275 vibraremintinlr

319 2311 452 2360 ,tautum
475 2299 603 2382 semper
626 2237 835 2372 custoiiunu
871 2293 1031 2382 quoniam
1053 2296 1101 2360 sol
1123 2317 1140 2357 a
1161 2315 1232 2380 quo
1253 2296 1351 2356 lumen
1368 2305 1416 2380 ³⁰53

328 2379 479 2463 cipiunt,
511 2381 638 2463 semper
665 2382 819 2464 praesens
841 2379 889 2442 eie
914 2379 967 2442 est.
1012 2381 1082 2442 Nec
1105 2377 1235 2452 obllat,
1269 2369 1400 2460 qaodalt·

327 2459 459 2544 quoties
488 2461 598 2524 lunari
628 2463 729 2546 globo
751 2461 946 2541 interjectus
970 2477 1075 2524 terrae
1104 2460 1226 2523 solarer
1254 2457 1348 2521 aufert
1366 2461 1416 2512 ιι·ἶ

268 2599 269 2604 ,
327 2543 411 2607 diue.
455 2543 585 2606 Errorie
615 2559 727 2626 autern
757 2563 891 2616 eorum,
926 2543 985 2628 qui
1017 2542 1092 2605 talia
1128 2541 1308 2614 somniant,
1334 2531 1416 2622 causa¹

327 2623 387 2698 ess,
418 2641 457 2689 ut
485 2624 617 2711 opinor.
676 2624 888 2688 Arbitrantur
916 2625 1005 2688 etaim
1037 2623 1206 2704 jod-icium
1230 2615 1416 2686 saturemini

326 2707 440 2792 aliquo
469 2710 546 2773 loco
582 2708 669 2770 intra
691 2707 790 2792 Septa
812 2711 913 2785 hujus
934 2707 1054 2770 mundi
1077 2710 1246 2804 agendum
1269 2705 1346 2772 sore,
1368 2701 1416 2776 iu:

316 2789 436 2865 ‚dicem
466 2811 600 2877 quoque
629 2811 707 2854 cum
739 2789 805 2852 suia
837 2791 966 2853 Sanctia
991 2792 1125 2874 Angelis
1149 2793 1193 2852 de
1216 2782 1399 2874 superioribot

326 2873 485 2939 senfibilie
506 2890 645 2937 naturae
666 2872 816 2958 partibus
837 2874 987 2936 localiter
1009 2887 1042 2934 et
1063 2873 1280 2958 corporaliter
1303 2867 1400 2957 descep·

327 2957 449 3020 surum.
476 2955 585 3020 ilinc
617 2955 662 3018 est·
682 2958 774 3041 quod
796 2955 931 3038 quidam
955 2955 1064 3018 sedem
1085 2955 1209 3034 judieii
1228 2954 1262 3018 iu
1283 2947 1416 3038 confictu

326 3039 408 3102 aeria
438 3054 471 3102 et
504 3037 669 3110 aetheria,
704 3057 771 3134 quo
801 3037 931 3119 Phystci
963 3039 1113 3102 lunarem
1129 3037 1295 3102 circulum
1315 3030 1416 3096 delen«

324 3125 427 3195 buntr
450 3121 585 3210 quidam
606 3123 740 3184 ludaere
755 3120 1030 3193 consentientes,
1053 3119 1088 3183 in
1109 3121 1197 3184 valle
1215 3113 1400 3203 Jolaphatdr

324 3204 444 3275 lirant,
481 3223 550 3267 non
575 3201 879 3266 animadvertentes
900 3203 1059 3266 virtutem
1080 3203 1250 3273 neminie,
1279 3189 1400 3286 quaeest

324 3287 498 3372 iosaphat:
530 3285 750 3370 compositum
778 3285 904 3370 quippe
937 3286 979 3350 est
1012 3307 1051 3349 ex
1075 3283 1136 3350 satir
1160 3303 1195 3351 et
1217 3281 1338 3367 σαφᾶτ.
1371 3275 1400 3336 El

326 3365 388 3434 iuri
417 3367 553 3455 quidem
586 3369 708 3431 multae
729 3370 830 3432 habet
850 3366 1166 3456 interpretationea3
1198 3367 1416 3452 interpretatur

326 3452 417 3516 enim
448 3449 603 3523 risibilia,
638 3465 696 3513 aut
728 3449 917 3524 Dominua,
952 3465 1010 3513 aut
1040 3452 1165 3557 gloria,
1207 3463 1265 3514 aut
1285 3445 1399 3534 criseas

325 3549 384 3597 aut
405 3548 492 3607 erat,
516 3549 550 3596 et
571 3532 631 3608 est,
656 3548 700 3595 etv
714 3533 846 3597 luturue
870 3534 932 3607 esta
956 3534 1088 3617 Οαφατ
1111 3551 1224 3598 autem
1239 3528 1399 3618 territura}

322 3615 510 3696 judiciuma
532 3615 687 3702 iosaphat
708 3633 820 3682 autem
842 3615 1007 3680 invisibile
1028 3617 1192 3696 judicium
1215 3617 1269 3678 vel
1289 3617 1397 3675 namra

324 3697 508 3788 judicium,
530 3699 583 3763 vel
607 3697 787 3786 gloriosum
809 3699 995 3780 judicium,
1017 3703 1071 3764 vel
1086 3717 1176 3774 erat,
1199 3714 1234 3762 et
1253 3696 1309 3769 etl,
1329 3687 1401 3756 εἰῇ·

326 3797 422 3844 turus
446 3783 504 3854 est,
529 3781 587 3868 qui
607 3782 745 3862 judicat.
789 3784 911 3849 Videne
932 3781 1048 3868 itaque
1067 3786 1136 3848 Joil
1153 3777 1342 3872 prophetico
1359 3771 1401 3914 sps·

322 3864 392 3928 ritu
412 3863 648 3938 illuminarunt,
672 3865 781 3928 divini
803 3863 922 3946 judicii
943 3865 1211 3952 profunditatem
1232 3879 1267 3928 et
1286 3855 1416 3948 inrisa:

323 3949 390 4012 lem
421 3945 604 4021 virtutem,
641 3947 866 4034 omnibusque
887 3963 1070 4024 remotam,
1107 3948 1226 4036 typice
1241 3945 1350 4012 vallem
1365 3953 1416 4029 13¹*

259 4104 265 4116 Ι
324 4029 475 4095 troduxit
495 4031 666 4115 iosaphat,
703 4047 737 4094 et
757 4034 930 4119 personam
953 4031 1113 4108 Domini,
1153 4021 1398 4174 cujua‘pserissl

324 4112 538 4178 altitudinem
558 4113 677 4192 judicii
700 4114 750 4178 sui
771 4115 961 4204 apparebit,
984 4113 1043 4202 qui
1064 4129 1159 4191 erat,
1188 4129 1222 4179 et
1290 4119 1348 4185 ,et
1364 4099 1397 4161 su·

324 4209 421 4262 turue
441 4196 509 4270 est,
544 4195 713 4284 accipient
744 4215 779 4262 et
799 4199 835 4264 in
859 4197 1005 4284 seipsum·
1021 4197 1203 4290 infundent
1224 4191 1396 4280 proclamat:
