3048 4856
214 161 337 302 'im
452 191 456 198 ’
577 216 1053 303 'cenomanniam

265 414 351 483 nino
376 411 507 491 nihilo,
537 411 700 564 siquidem
719 435 791 480 non
814 411 898 479 aliut
920 411 964 478 est
984 427 1102 480 auctor
1120 407 1243 478 mundi
1266 411 1308 474 de
1326 405 1385 472 in·

264 496 366 564 sormi
393 495 533 564 materia
579 495 660 574 acti,
692 513 729 563 et
760 498 845 564 aliur
866 495 967 586 ipsine
987 496 1148 564 materiae
1170 499 1212 560 de
1234 492 1380 559 omnino

161 610 164 620 ·
263 581 375 649 nihilo
402 581 499 668 priua
523 596 674 658 creatae,
707 581 764 649 led
790 601 880 647 uniit
903 597 1003 668 atque
1023 582 1114 646 idem
1135 578 1313 664 utriusque
1333 575 1383 638 ell

263 664 439 740 conditor3
472 655 634 764 quo'niam
664 667 704 728 ab
730 687 801 730 uno
830 663 1002 752 principio
1033 663 1148 728 onmia
1182 681 1268 750 quae
1289 662 1383 730 lunt,

191 827 192 835 ἵ
224 775 232 788 “
263 750 330 814 live
350 747 528 824 informia,
550 749 619 812 live
639 745 792 823 lormata,
813 753 1025 836 procedunt;
1049 751 1089 812 ab
1111 765 1182 811 uno
1196 744 1288 808 enim
1304 740 1385 806 nni·

262 832 401 897 versitac
427 845 538 896 creata
565 831 629 907 est,
664 833 749 897 licut
774 853 792 896 a
813 834 959 897 monade
982 852 1098 896 omnes
1120 826 1273 904 numeri,
1306 835 1342 894 ei
1363 844 1385 888 a

264 931 383 981 centro
405 935 522 979 omnes
542 913 671 992 lineae,
696 930 897 1002 erumpunt;
935 937 1014 986 nam
1036 929 1070 978 et
1090 912 1217 982 inhoc
1236 907 1386 976 maxime

264 997 464 1064 secularium
493 997 792 1084 philosophorum,
827 997 887 1094 qui
919 1001 961 1064 de
987 996 1109 1062 mundi
1127 999 1232 1076 hujus
1253 993 1386 1056 lactura

265 1096 408 1147 mactare
429 1082 496 1146 ausi
517 1081 612 1156 lunt,
634 1103 725 1146 error
745 1081 982 1156 convincitur,
1018 1079 1179 1168 quoniam
1200 1075 1386 1142 informem

264 1163 440 1232 materiem
460 1180 673 1230 coaeternam
695 1167 759 1232 deo
782 1165 846 1228 effe
870 1165 1042 1240 dixerunt,
1065 1165 1107 1228 de
1130 1181 1196 1250 qua
1216 1162 1299 1224 deue
1323 1179 1385 1222 ve·

264 1247 332 1313 luti
365 1263 456 1312 extra
476 1249 509 1311 le
529 1248 736 1324 subsistente,
776 1263 809 1311 et
831 1264 1008 1312 coaeterna
1029 1245 1108 1321 fibi,
1145 1245 1282 1309 luorum
1304 1261 1385 1328 ope·

263 1349 343 1398 'rum
361 1331 498 1420 sumpsit
519 1330 716 1417 auspicium.
758 1329 943 1418 indignum
963 1350 1110 1416 namque
1132 1327 1179 1392 eis
1195 1325 1304 1390 visum
1326 1325 1383 1400 est,

266 1415 443 1482 materiem
474 1414 656 1480 informem
677 1437 696 1478 a
717 1415 782 1493 deo
803 1413 877 1479 fieri
900 1429 1066 1488 creatam;
1097 1413 1269 1498 quomodo
1292 1407 1387 1473 enim

266 1497 431 1587 inquiunt
460 1518 501 1562 ex
529 1499 638 1562 Forma
667 1496 820 1562 omnium
844 1495 990 1563 informe
1012 1495 1125 1571 fieret3
1153 1496 1193 1558 ab
1215 1489 1386 1558 immobili

268 1598 304 1648 et
332 1581 371 1646 in
401 1582 497 1644 nullo
519 1580 556 1644 in
578 1579 685 1667 [eipso
705 1578 878 1656 variabili,
911 1579 1044 1644 varium
1065 1599 1103 1641 ac
1124 1577 1305 1659 mutabile3
1338 1577 1382 1642 ab

267 1687 308 1730 eo
331 1663 388 1729 cui
407 1661 495 1726 nihil
516 1662 657 1744 accidit,
672 1661 775 1726 variis
798 1661 1030 1729 accidentibus
1050 1661 1257 1742 subjectum
1280 1677 1381 1722 anon

269 1747 412 1810 distento
439 1767 500 1829 per
526 1744 632 1828 spatia
662 1747 815 1808 locorum
846 1763 881 1810 et
908 1762 1116 1832 temporum,
1149 1745 1243 1830 quod
1261 1738 1386 1827 recipit

266 1829 423 1892 locorum
444 1841 702 1970 temporumque
724 1819 920 1904 intervalla,
949 1843 984 1892 et
1004 1825 1243 1913 quantitatum.
1284 1821 1386 1890 Simi-

268 1909 346 1974 liter
367 1911 407 1971 ab
432 1927 472 1971 eo
495 1911 587 1994 quod
603 1931 652 1971 nu
665 1907 690 1971 li
703 1907 858 1994 qualitati
874 1910 1064 1984 subditum,
1088 1906 1290 1972 diversarum
1301 1927 1385 1994 qua·

268 1991 405 2058 litatum
435 1989 685 2078 figurarumque
712 1991 943 2078 receptivum
971 1993 1012 2056 ab
1040 1989 1291 2078 incorruptibili
1312 2009 1387 2054 cor·

268 2097 312 2141 ru
337 2072 453 2172 tibileq
474 2095 493 2137 a
513 2071 656 2171 limplici
677 2075 916 2162 compolitum;
939 2089 974 2138 et
990 2090 1121 2138 caetera
1134 2073 1172 2138 id
1188 2095 1293 2161 genui
1306 2074 1387 2137 luae

269 2099 370 2224 filiae
389 2156 660 2222 ratiocinationis
682 2156 817 2220 nebulis
840 2157 1031 2222 obcaecati:
1054 2177 1117 2220 noi
1140 2173 1253 2220 autem
1274 2157 1384 2221 sacrae

270 2241 454 2328 scripturae
473 2239 650 2304 veritatem
669 2237 908 2326 inspicientes,
932 2239 1195 2326 divinorumque
1216 2239 1317 2326 ipsine
1332 2237 1386 2302 in·

271 2339 459 2410 terpretum
479 2321 616 2408 vestigia
637 2321 832 2408 sequenter,
863 2339 898 2386 et
916 2320 1162 2387 informitatem
1181 2345 1295 2387 rerum
1316 2337 1387 2388 om'·

270 2405 387 2481 nium,
422 2419 458 2468 et
481 2404 626 2480 format,
659 2419 694 2469 et
714 2425 817 2470 omne
838 2407 931 2492 quod
951 2404 988 2469 iii
1011 2405 1080 2484 eia,
1111 2405 1177 2470 sive
1197 2405 1387 2472 fecundum

273 2488 462 2563 clientium,
496 2488 565 2552 sive
593 2488 780 2554 secundum
801 2488 957 2553 accidens
979 2489 1042 2563 est,
1079 2491 1119 2553 ab
1141 2511 1211 2552 nna
1231 2487 1388 2554 omnium

271 2571 371 2636 caula
400 2567 538 2634 condita
569 2570 650 2646 elle,
686 2584 721 2634 et
739 2571 922 2656 perfidem
943 2571 1131 2647 credimur,
1165 2587 1201 2635 et
1221 2587 1388 2658 quantum

272 2657 372 2720 datur
390 2675 452 2738 per
471 2651 962 2720 intellectumconlideramui.
983 2695 986 2703 ·

334 2737 367 2796 6.
387 2737 467 2796 Non
490 2734 583 2800 enim
603 2735 827 2801 univerfitatia
850 2737 1007 2802 conditor
1028 2731 1121 2802 omni
1149 2751 1243 2801 otene
1255 2781 1266 2812 ,
1289 2750 1324 2800 et
1343 2731 1388 2802 ii'i

180 2899 182 2908 ,
273 2815 371 2882 nullo
399 2813 578 2891 deficiens,
614 2830 648 2880 et
668 2816 706 2879 iii
726 2817 902 2884 infinitum
923 2822 1088 2896 tendent,
1119 2761 1235 2883 imilla
1254 2819 1315 2884 sibi
1335 2819 1390 2885 lo·

260 2900 468 2974 dummodo,
500 2919 620 2962 verum
650 2899 752 2964 etiam
781 2901 947 2967 diffimilia
976 2923 1088 2968 creare
1106 2902 1222 2990 potuit
1242 2917 1278 2967 et
1298 2923 1391 2968 creir·

271 2981 335 3048 vit.
377 2981 465 3046 Nam
483 2981 508 3045 fi
528 2982 811 3048 solummodolui
827 2985 961 3060 fimilia,
983 2987 1051 3050 hoc
1070 2987 1131 3064 est,
1153 3007 1233 3050 vere
1250 2985 1389 3050 exillen·

272 3063 338 3140 tia,
377 3079 529 3140 aeterna,
560 3063 868 3144 incommutabilia,
904 3065 1087 3166 firnplicia,
1118 3067 1388 3156 inseparabiliter

271 3147 388 3223 unita,
411 3147 699 3233 incorruptibilia,
722 3147 934 3227 immortalia,
957 3151 1210 3226 intellectualia,
1232 3151 1385 3230 scientia,

265 3229 453 3319 sapientia,
478 3244 690 3316 caeteraeque
710 3230 855 3297 virtuter
872 3231 1083 3314 condiderit,
1108 3235 1144 3298 iri
1166 3231 1384 3313 dillimiliuni,

274 3329 310 3380 et
331 3314 560 3400 oppolitorum
581 3313 753 3380 creatione
776 3317 929 3381 defeciffe
948 3316 1141 3392 rideretur,
1166 3333 1200 3381 et
1220 3340 1291 3382 non
1313 3341 1387 3384 om·

271 3395 358 3461 nino
380 3410 582 3460 cunctorum
597 3418 687 3542 ,qqiae
707 3397 794 3463 ratio
816 3398 953 3464 invenit
972 3401 1062 3487 polle
1082 3399 1173 3476 fieri,
1191 3401 1311 3489 'opifex
1330 3407 1386 3481 jii-

274 3477 453 3545 dicaretur.
485 3475 617 3542 Dillimi
634 3479 663 3543 'a
685 3497 798 3546 autem
818 3480 889 3560 liii,
913 3499 947 3549 et
967 3483 1117 3572 oppofita
1139 3485 1202 3548 elle
1223 3485 1388 3550 dicuntur

266 3575 309 3626 'et
334 3561 430 3639 sunt,
451 3559 584 3658 omnia
613 3583 699 3649 quae
723 3564 907 3662 praedictio
935 3565 1119 3632 virtutibus
1149 3589 1170 3632 o
1195 3583 1387 3654 ponuntur,

270 3665 344 3711 nori
364 3659 405 3708 ut
424 3665 469 3708 ne
493 3659 583 3708 auva
603 3646 661 3709 leu
678 3645 864 3744 privativa,
885 3651 942 3714 sed
961 3665 1100 3714 naturae
1140 3650 1147 3666 ⁸
1188 3649 1387 3720 militudine

231 3778 248 3816 ,.
272 3742 309 3794 et
337 3667 559 3815 oppofitione.
603 3727 779 3815 Siquidem
807 3732 977 3818 perfectae
999 3733 1155 3798 efferitiae
1173 3733 1323 3798 limiliter
1342 3733 1386 3800 iii

264 3831 396 3898 ‘genera
425 3812 627 3900 formaeque·
644 3835 706 3900 per
727 3813 933 3880 differentiae
955 3831 990 3880 et
1007 3817 1231 3905 proprietates
1251 3817 1384 3882 unifor-

269 3894 438 3981 miterque
464 3895 638 3960 ordinatae
662 3919 725 3995 peq
755 3898 937 3985 singuliis
960 3897 1046 3964 eciei
1069 3900 1163 3965 omni
1185 3901 1385 3967 confusione

267 3977 472 4074 subtracta„
489 3975 687 4066 imperfecta
712 3979 869 4048 informia
899 4003 918 4045 i
966 4004 1012 4048 uc
1029 3983 1169 4050 materia
1193 3999 1228 4049 et
1246 3982 1386 4050 mobili·

267 4075 321 4126 tit
343 4076 545 4150 opponiturt
576 4061 736 4139 actarii,
759 4065 975 4151 temporalier
995 4065 1284 4144 immutabilibus,
1306 4089 1383 4132 nin·

265 4143 402 4222 tabilia;
422 4143 649 4234 simplicibus,
669 4147 875 4237 compositi}
894 4163 930 4215 et
951 4163 1087 4218 aeterna
1107 4169 1194 4240 quae
1214 4149 1378 4218 velutin:
