3036 4862
523 271 820 355 alterumue.
852 291 858 302 ·
1150 269 1233 344 aro
1356 283 1375 368 ᾗ

21 473 23 508 ³
114 453 215 520 enim-
231 451 393 521 credibile
414 455 459 522 ell
479 458 627 522 eundem
641 453 817 522 hominem
835 466 869 522 et
885 452 923 520 iri
940 453 1229 540 contemplatione

21 557 22 576 ¹
112 553 277 604 aeternae⁴
290 537 382 626 paci:
404 537 545 611 stetille.
581 555 615 605 et
637 539 798 604 suadente
818 535 968 604 foemina
990 535 1153 623 serpentia
1174 561 1230 604 ve·

21 649 23 678 t
111 640 206 686 neno
230 637 387 707 corrupta
409 621 586 699 corruille,
611 637 670 688 aut
688 621 798 708 ipsum
820 621 853 686 se
895 635 1026 697 entem.
1055 619 1228 687 diabolum

113 704 212 777 dico.
242 707 309 783 iani
336 705 379 770 de
399 705 572 791 paradiso.
611 705 777 794 dignitate
799 703 878 770 vide
892 703 959 770 icet
979 702 1150 789 angelicae
1170 727 1227 770 na·

113 801 225 861 turae.
260 787 407 872 lapsum.
438 787 474 854 in
507 787 647 856 homine
676 791 787 856 adhuc
808 809 879 854 nun
901 803 1085 874 peccante,
1115 809 1227 886 neque

21 905 22 916 ι
112 867 309 936 celsitudine
331 869 469 938 divinae
491 871 559 938 iina
585 870 650 938 'nia
670 887 849 938 corruente
895 869 1104 936 rievaluiffe:
1127 869 1186 936 idi
1214 905 1226 920 ·

21 1003 22 1010 ι
113 955 184 1018 lirin
205 973 274 1098 piro
299 975 361 1028 ue,
385 958 452 1020 hoc
473 956 539 1030 eil,
597 954 745 1021 ominem
768 895 1089 1042 aequaiemungelie
1111 893 1227 1018 conrii·

113 1052 185 1101 tum
223 1057 258 1100 iii
285 1057 320 1110 e,
344 1058 414 1101 nori
438 1054 549 1104 autem
573 1038 609 1102 in
634 1037 690 1102 illa
713 1037 746 1103 di
772 1037 878 1104 nitate
898 1037 1036 1102 stetiffe:
1071 1037 1127 1100 fed
1147 1058 1225 1102 mcii

36 1158 45 1183 0
111 1139 183 1184 non
204 1135 296 1184 recte
318 1122 360 1184 ad
384 1123 511 1188 bonum
533 1121 666 1220 ingredi
687 1061 865 1196 incioaffe,
888 1121 1031 1186 Sanctua
1044 1119 1225 1206 Gregorius

111 1205 234 1268 docere
267 1201 402 1267 videtur
435 1204 472 1268 in
503 1206 636 1271 decimo
667 1220 788 1270 octavo
820 1203 969 1290 capitulo
1001 1202 1162 1270 sermonie
1183 1205 1226 1268 de

111 1284 284 1374 Imagine,
320 1290 411 1372 quod
441 1287 544 1353 etiam
576 1287 727 1374 superine
754 1287 949 1374 posuimue‚
981 1301 1015 1350 et
1042 1307 1113 1352 nori
1135 1307 1227 1372 repe·

111 1384 183 1432 tere
206 1370 377 1434 debemus.
421 1369 516 1454 „Qui
540 1369 672 1444 omnia.
697 1375 822 1456 iuquit.
850 1367 991 1448 adduxit
1011 1369 1047 1432 in
1073 1371 1154 1441 effe.
1177 1385 1226 1434 to·

111 1467 253 1537 tumque
274 1451 310 1516 in
333 1453 389 1516 sua
412 1455 588 1518 voluntate
608 1455 782 1519 hominem
804 1456 847 1524 ad
868 1452 1021 1519 divinam
1041 1451 1225 1537 imaginem

110 1533 271 1598 lormavit
294 1555 364 1600 non
385 1536 549 1633 paulatim
572 1537 818 1616 adjectionibua
839 1537 1031 1604 futurorum
1053 1555 1162 1600 morae
1178 1534 1225 1598 fe·

110 1615 182 1690 cit,
217 1616 353 1684 [ciendo
382 1641 419 1683 in
453 1620 544 1684 suam
566 1619 815 1708 plenitudinem
838 1619 1024 1686 animarum
1045 1639 1226 1684 numerum

109 1697 377 1848 perficiendum:
407 1703 463 1767 led
485 1703 682 1770 cumulatim
705 1703 740 1768 in
760 1703 832 1802 ipsa
853 1701 1068 1790 plenitudine
1089 1721 1226 1766 omnem

136 1803 302 1882 utitinam·
325 1801 479 1850 naturam
511 1807 571 1884 per
598 1787 844 1886 prognosticam
875 1784 1106 1934 operationem
1128 1783 1226 1852 intel·

111 1868 195 1932 leiut
230 1882 265 1935 et
290 1887 328 1932 iii
357 1869 595 1934 excelfitiidine
622 1885 658 1934 et
686 1891 723 1934 in
753 1888 926 1956 coaequat
954 1869 1082 1966 angelii
1110 1865 1225 1952 quiete

112 1948 384 2016 honorificavit.”
427 1953 493 2020 Hic
513 1951 667 2038 intellige
690 1955 902 2038 praedictum
922 1951 1112 2038 magistrum
1133 1969 1226 2047 prae·
1356 1975 1360 1984 =

110 2031 209 2098 teriia
230 2053 292 2119 pro
314 2031 437 2098 iutuiia
484 2033 611 2098 osiride.
656 2035 759 2118 Quod
781 2035 873 2100 enim
893 2033 941 2098 ait
961 2056 1022 2118 per
1041 2031 1225 2120 prognosti-

110 2136 185 2180 cam
207 2135 228 2180 ο
255 2115 441 2182 emtionem
499 2137 575 2182 eum
597 2136 733 2180 omnem
755 2119 938 2182 humanam
950 2132 1105 2183 naturam
1119 2113 1156 2184 in
1172 2135 1225 2178 eir·

110 2139 309 2264 eatuiuiine
331 2195 420 2264 etin
443 2197 572 2284 aequali
595 2199 722 2284 angelii
738 2199 853 2286 quiete
867 2197 1063 2273 condidille,
1086 2215 1224 2284 quomo·
1352 2171 1366 2200 ⁹

110 2283 155 2346 do
183 2279 281 2352 aliter
308 2278 455 2367 intelligi
509 2281 606 2358 otest,
637 2279 699 2346 uisi
729 2282 807 2368 quia
836 2285 903 2361 jain
929 2285 1033 2348 homo
1062 2279 1099 2352 in
1121 2279 1224 2348 caufia

109 2363 279 2432 conditui‘
293 2379 379 2438 erat,
403 2385 472 2428 non
511 2387 558 2430 im
580 2385 660 2430 vero
682 2364 718 2430 iri
741 2365 881 2434 effectur
903 2365 981 2434 luae
1001 2359 1224 2436 heaorudinir

110 2446 339 2534 procedebat?
370 2449 414 2510 Et
442 2469 502 2512 cur
530 2469 600 2519 non
630 2439 847 2534 precelleret:
880 2447 993 2512 reddit
1024 2447 1155 2512 caulam
1176 2443 1225 2508 di·

110 2551 209 2596 cena:
230 2528 418 2617 „quoniam
439 2551 520 2594 vero
539 2529 708 2618 praevidit
722 2529 1224 2618 coptemplatoriavirtutenon

109 2629 202 2678 recte
223 2627 361 2680 euntem
383 2615 426 2678 ad
446 2615 571 2680 bonam
591 2615 823 2688 voluntatem,
846 2629 947 2700 atque
968 2612 1047 2678 ideo
1071 2633 1111 2676 ex
1125 2621 1225 2697 inge·

109 2695 177 2760 lica
197 2695 268 2760 vita
289 2699 523 2762 recedentem
554 2719 598 2759 ne
619 2695 807 2760 animarum
827 2701 1050 2762 humanarum
1070 2693 1226 2758 multitu·

110 2781 157 2844 do
177 2777 553 2852 minueretur‚aeadena
578 2799 618 2840 ex
639 2777 698 2840 illo
719 2782 823 2843 modo
847 2800 1027 2864 perquem
1049 2775 1161 2874 angeli
1182 2767 1230 2840 ad'

109 2858 368 2926 multitudinem
389 2859 480 2924 aucti
500 2859 595 2932 sunt.
618 2875 795 2943 propterea
811 2859 1076 2926 convenientem
1092 2881 1128 2922 in
1146 2878 1225 2944 pec·

111 2956 227 3010 catum
247 2941 343 3028 lapfia
366 2941 571 3006 incrementi
592 2941 876 3028 excogitationem
898 2942 934 3008 in
956 2957 1077 3006 natura
1093 2940 1224 3006 confor-

108 3025 233 3100 mavit,
256 3045 319 3112 pro
341 3023 492 3110 angelica
513 3013 764 3108 magnificentia
784 3027 984 3110 pecudalem
1007 3023 1224 3110 etirratiuna·

112 3109 217 3176 bilem
239 3129 279 3172 ex
301 3105 503 3172 seinvicem
525 3104 735 3172 succeffionia
758 3111 897 3172 modum
920 3104 1123 3172 humanitati
1140 3103 1224 3170 inle-

110 3199 221 3258 rene.’'
254 3190 289 3256 Si
312 3191 426 3276 itaque
448 3193 530 3254 haec
551 3193 650 3252 verba
676 3190 790 3254 Sancti
807 3189 975 3282 Theologi
990 3188 1120 3256 veracia
1134 3188 1223 3260 lunt,

109 3279 203 3364 quod
213 3295 283 3340 non
296 3290 421 3338 temere
432 3294 502 3338 non
519 3273 737 3338 crediderim:
761 3272 844 3358 quid
854 3273 947 3336 aliud
959 3274 1057 3335 datur
1066 3267 1223 3414 intellipi,

110 3382 212 3448 quam
235 3375 273 3422 ut
294 3361 442 3422 humana
462 3371 582 3420 natura
604 3355 706 3420 nullia
730 3372 920 3442 temporum
939 3354 1097 3426 morulis,
1121 3353 1180 3415 nul
1195 3351 1224 3416 ia
1329 3386 1344 3410 ι

112 3465 223 3509 rerum
245 3439 450 3506 lenfibilium
473 3435 667 3535 effectibus,
689 3439 725 3501 in
747 3439 899 3538 paradiso
921 3437 1048 3534 inqup
1065 3432 1225 3532 naturali·
1311 3467 1316 3476 ·

113 3543 165 3590 ter
180 3523 339 3622 conditua
353 3521 419 3596 est,
442 3521 574 3618 stetiffej
599 3521 656 3584 led
674 3543 753 3585 mox
774 3525 815 3586 de
830 3543 886 3608 viu
902 3535 1054 3586 veritatii
1069 3517 1223 3616 deviade,
1306 3531 1312 3550 ·

35 3685 41 3698 Ι
116 3622 152 3672 et
173 3607 370 3674 divilionem
391 3619 531 3702 neturae
552 3625 587 3668 in
612 3603 783 3702 duplicem
804 3607 936 3679 lernam,
973 3623 1162 3748 persqueml
1175 3621 1225 3679 Ju-

109 3705 320 3838 332²⁰1¹n¹²0lt
335 3688 880 3868 “ttltitzttltlttt‘tt
893 3703 1225 3833 :tttitttlttt

113 3877 180 3944 qua
203 3869 327 3952 ‘creata‘
350 3855 412 3930 cll,
447 3868 678 4000 permaneret..
714 3869 890 3950 utriusque
925 3855 1018 3948 sexui
1040 3851 1161 3936 copula
1182 3849 1225 3912 ad

111 3939 432 4036 multiplicationem
464 3959 545 4035 ‘uam
567 3957 638 4000 nuri
659 3939 845 4022 indigeret:
867 3957 908 3998 eo
930 3937 1140 4032 enininiprlo
1155 3948 1224 4018 quo

113 4021 228 4120 angeli
256 4019 475 4118 mulpiplicati
503 4019 599 4118 sript.
634 4019 703 4116 line
728 4021 800 4085 ullo
834 4020 913 4117 [earu
933 4019 1225 4160 multiplieagehtpg:

113 4102 1224 4274 :a„tztttt‘tntiatettentetur:,n
