3048 4856
396 291 399 296 -
510 187 815 338 meamne:
941 337 947 346 ,
1148 233 1227 347 atr

108 461 185 517 ttre
201 445 321 516 duur
341 445 681 535 etttnteuigenrium.
720 447 772 514 Μ.
793 446 942 514 Monada
962 459 1076 514 autem
1094 441 1225 544 deplua-
1361 523 1367 539 1

111 531 163 602 tiu
182 548 219 602 et
237 531 383 600 scientia
398 533 609 598 aeternaliter
628 531 795 616 sublistere
815 528 996 619 intelligia,
1017 545 1058 596 ut
1070 532 1224 600 arbitror.
1307 581 1315 614 ,

109 621 158 684 D.
191 615 229 684 Si
257 616 354 692 aliter
383 617 511 692 sentio,
543 619 587 682 ab
617 615 726 704 ipliue
748 615 904 682 monadia
925 636 1006 682 vera
1026 612 1253 701 cognitione

115 699 247 770 alienus
268 701 352 766 lum.
394 703 443 766 Μ.
465 699 650 765 Nonalioe
670 698 769 776 rerie,
790 715 831 766 ut
852 697 991 787 opinor,
1013 717 1173 764 numeror
1187 697 1226 764 iu

113 787 261 850 monade
287 784 327 850 vi
347 799 383 850 et
401 784 562 872 potestate
586 783 801 858 constitutor,
831 799 866 848 er
886 782 970 848 alioe
990 797 1071 864 actu
1091 797 1126 847 ot
1146 803 1167 848 o
1194 803 1227 848 e·

110 890 150 936 re
169 867 207 952 in
230 889 376 955 genera,
407 883 443 933 et
462 867 589 954 species
611 865 879 1014 intelligibilium
898 887 1136 946 numerorum,
1168 803 1228 934 ied

111 953 251 1020 eoadem
272 953 492 1038 profluenter.
533 956 576 1016 D.
597 953 677 1018 Non
700 972 782 1016 aros
805 953 941 1017 eoadem
960 972 1061 1027 vero,
1090 950 1148 1016 led
1170 947 1228 1014 ali·

112 1050 176 1108 ter.
217 1035 268 1100 Μ.
287 1035 357 1102 Dic
377 1035 499 1121 quaeso
520 1038 691 1124 quoquo
715 1035 822 1100 aliter.
867 1038 910 1100 D.
933 1037 974 1100 ln
990 1037 1137 1100 monade
1154 1032 1228 1121 qui·

112 1117 269 1194 danuvi,
292 1134 328 1185 et
326 1119 527 1267 Bpotestate3
548 1119 585 1184 in
607 1117 787 1206 generibus
806 1140 908 1196 vero,
931 1133 966 1183 et
986 1119 1114 1198 sonuit,
1136 1133 1227 1195 actu,

113 1217 150 1271 et
170 1221 285 1290 opere.
404 1206 509 1268 Recte
536 1201 754 1290 respondisti3
786 1226 872 1268 uum
893 1223 973 1290 ergo
994 1202 1090 1270 video
1109 1222 1228 1268 nume-

111 1305 169 1352 roa
191 1284 400 1350 eoademibi
421 1301 573 1352 aeternna
587 1287 677 1362 effe,
706 1285 768 1351 ubi
790 1285 847 1364 vi,
879 1302 914 1352 et
935 1287 1098 1373 potestate
1117 1286 1228 1352 causa·

110 1369 192 1436 liter
213 1369 310 1444 [unt3
341 1369 408 1435 hoc
430 1370 491 1442 est,
512 1369 551 1436 in
570 1372 734 1436 monades
768 1369 828 1435 ubi
849 1392 931 1435 vero
954 1386 1048 1448 actu,
1072 1384 1106 1435 et
1125 1389 1229 1458 opere

115 1447 376 1552 intelligantur,
390 1451 455 1520 ,ibi
476 1453 583 1520 faotoa
605 1453 694 1519 elle‘l
725 1456 768 1518 D.
791 1453 945 1520 Nimium
965 1456 1149 1529 acceleras,
1163 1473 1229 1552 pe·
1298 1525 1302 1532 ¹

38 1577 61 1594 -
114 1537 283 1603 detentum
302 1534 574 1602 ratiocinationis
594 1536 818 1626 ingredienda
839 1538 883 1602 est
901 1536 979 1614 ria,
1008 1559 1053 1602 ne
1074 1537 1158 1624 quid
1177 1559 1229 1602 ru,-

112 1635 215 1690 caute
234 1635 428 1706 temereque
447 1619 652 1687 statuamua..
680 1620 778 1686 Priue
799 1622 915 1708 itaque
936 1623 982 1688 est
997 1624 1230 1710 quaerendum

117 1704 205 1791 quid
222 1703 263 1768 fit
283 1703 338 1768 rio
360 1719 395 1767 et
415 1701 499 1790 quid
518 1706 660 1792 potestat
681 1721 900 1772 numerorum
921 1706 958 1772 in
979 1707 1143 1780 monade,
1175 1724 1230 1769 eo·

111 1789 326 1885 eundemque
369 1785 431 1852 uid
446 1781 491 1850 'fit
513 1804 625 1863 actua,
647 1803 682 1852 et
702 1788 1014 1870 quimatio-in
1035 1819 1036 1822 =
1059 1786 1229 1862 enerihur,
1256 1830 1262 1838 ‚

115 1885 152 1937 et
180 1870 309 1935 format.
347 1808 400 1935 it.
428 1868 485 1933 Via
514 1871 586 1946 est,
608 1882 649 1932 ut
680 1863 832 1940 aestimo,
869 1811 1088 1930 substantialia
1111 1886 1231 1934 eorum
1272 1898 1277 1912 ·

109 1951 244 2031 virtue,
267 1950 481 2018 aeternaliter
501 1969 537 2018 et
554 1947 811 2017 immutabiliter
825 1947 1049 2018 sublilient'iu
1063 1950 1229 2028 monad03

109 2037 256 2127 potestat
284 2055 367 2099 vero
396 2033 441 2096 est
467 2029 681 2117 poffibilitao,
715 2051 782 2116 qua
809 2031 847 2095 in
877 2053 1001 2116 genera
1038 2047 1073 2096 et
1101 2029 1230 2119 speciae
1342 2107 1346 2116 .

111 2121 251 2209 poliunt
271 2114 512 2204 multiplicari,
540 2130 576 2180 et
594 2113 824 2180 intellectibus
847 2113 1013 2179 manifesti
1033 2103 1108 2178 lieri
1129 2113 1231 2182 certia

112 2203 342 2270 terminorum
380 2197 671 2274 distinctionibus,
710 2196 946 2286 quantitatum¹
971 2197 1229 2275 diversitatibua,
1361 2267 1365 2283 ,

111 2283 302 2354 intervallis
324 2281 611 2358 differentiarum,
634 2295 669 2345 et
687 2278 950 2370 proportionum
970 2281 1231 2368 proportionali·

110 2387 292 2458 tutumque
317 2364 466 2433 mirabili
486 2365 708 2455 aequalitate,
745 2380 779 2430 et
800 2363 973 2430 insolubili
996 2365 1229 2432 consonantia.
1359 2401 1361 2406 .
1405 2379 1416 2398 ⁸

110 2458 218 2522 term
246 2451 292 2518 est
310 2466 426 2516 metue
449 2450 556 2516 animi
575 2447 835 2538 procedentium
855 2469 1076 2516 numerorum
1098 2471 1138 2516 ax
1152 2471 1229 2515 mo·
1345 2477 1358 2502 ·

109 2541 203 2606 nude
231 2535 270 2602 iu
301 2533 430 2602 diversa
457 2556 597 2623 genera,
627 2531 733 2621 inque
753 2533 880 2634 speclea
901 2532 1096 2600 differenter
1116 2532 1232 2599 multi·

109 2620 337 2714 plicationem
367 2617 628 2710 contemplantia
659 2617 697 2682 in
728 2617 835 2705 serpso
866 2633 901 2683 et
931 2617 970 2684 in
991 2617 1103 2766 feipfia
1123 2616 1233 2705 prius·

110 2727 218 2807 quam
236 2703 277 2769 in
296 2701 484 2792 phantafiao
507 2701 724 2790 cogitationis
744 2702 903 2780 veniant,
926 2703 994 2768 hoc
1014 2723 1032 2766 e
1067 2747 1078 2778 ,
1107 2702 1165 2766 firn
1190 2698 1232 2765 li·

113 2807 201 2858 crter
227 2785 430 2874 incorporea
458 2803 579 2852 natura
609 2785 704 2850 omni
733 2784 882 2874 imagine
903 2801 1040 2852 carente
1058 2783 1135 2873 pu'
1175 2805 1232 2850 mo
1268 2849 1289 2872 Ι,
1337 2814 1340 2822 2

40 2876 45 2886 “
114 2872 312 2940 intellectus
347 2869 467 2946 oculo,
498 2869 588 2958 ipson
608 2889 767 2945 numeror
787 2871 886 2957 [upra
907 2891 1060 2935 omnem.
1088 2866 1234 2934 uantita·

116 2973 211 3031 teau,
238 2970 273 3020 et
300 2950 518 3042 qualitatem,
548 2967 584 3018 et
609 2952 702 3029 loca,
736 2967 770 3018 et
798 2967 950 3039 tempora
981 2891 1233 3018 condierautie.

116 3043 191 3108 Aut
213 3038 359 3105 breviter
381 3033 569 3113 diffiniam,
599 3051 693 3102 actuo
715 3036 760 3101 est
779 3052 892 3102 motuo
914 3035 1020 3101 animi
1039 3033 1232 3122 puriffirnoa

115 3124 157 3192 in
183 3122 242 3188 lua
272 3135 394 3190 natura
413 3140 574 3188 numeror
595 3123 721 3208 absque
742 3121 817 3185 ulla'
832 3118 1077 3207 imaginatione
1097 3118 1234 3184 intuen-

117 3207 176 3274 tia.
219 3207 317 3296 Opue
350 3224 431 3270 vero
463 3207 508 3270 est
528 3207 678 3285 ejusdem
701 3203 807 3270 animi
826 3218 940 3270 motua
960 3201 1150 3289 puriffimos
1171 3224 1234 3266 nu·
1332 3212 1335 3218 “

114 3309 249 3369 meroe,
280 3307 372 3379 quot
392 3287 431 3353 in
463 3289 570 3390 leiplo
592 3289 796 3364 confideret,
831 3286 1012 3375 phantallia
1032 3287 1140 3351 veluti
1161 3283 1243 3373 qui·x
1317 3357 1326 3376 .

117 3376 265 3442 burdam
292 3373 490 3462 corporibua
519 3373 711 3438 ancraffatoo
738 3370 921 3438 memoriae
951 3368 1234 3448 commendantis,

117 3457 238 3546 ibique
268 3479 326 3524 eoa
349 3457 538 3523 ordinantis
560 3477 744 3557 eorumque
764 3455 913 3522 rationea
935 3454 1068 3520 facilius
1090 3469 1236 3520 nactan-

119 3542 187 3618 tia,
212 3542 368 3631 foraaque
389 3541 591 3628 quibuedam
610 3541 710 3628 ligure
728 3538 953 3626 corporalium
968 3539 1124 3604 sensuum
1138 3537 1237 3636 figul·
1269 3543 1274 3554 ’

80 3665 87 3680 =
118 3626 240 3693 ficator
266 3626 308 3692 in
337 3625 480 3692 aliorum
508 3623 667 3690 notitiam
696 3623 870 3690 trudentia.
912 3626 959 3688 Et
986 3643 1033 3688 ne
1054 3643 1110 3687 me
1131 3618 1237 3687 exarti-
1385 3679 1387 3684 ,

117 3729 194 3776 mea
212 3711 302 3776 velle
320 3711 477 3786 suadere,
499 3709 590 3810 iploa
611 3723 770 3774 numeros
791 3710 831 3772 ab
846 3707 1024 3774 intellectu
1037 3695 1250 3770 velratione'
1331 3709 1342 3720 ⁴

117 3793 344 3881 multiplicari
364 3808 400 3860 et
419 3815 545 3870 creora,
569 3807 603 3858 et
622 3813 693 3858 non
717 3795 757 3857 ab
776 3789 851 3877 ipso
873 3791 1028 3858 omnium
1046 3787 1237 3864 conditore,
1258 3835 1259 3838 ,

35 3887 41 3898 '
118 3877 407 3966 multiplicatore,
439 3877 642 3944 ordinatore.
680 3875 716 3940 Si
738 3874 830 3940 enim
850 3879 892 3940 ab
913 3877 986 3942 ullo
1006 3888 1118 3942 creato
1139 3872 1239 3938 intel·
1361 3915 1370 3926 -

117 3965 216 4028 lectu
241 3961 564 4050 multiplicationem
591 3962 685 4026 luam
706 3957 840 4025 numeri
860 3959 1008 4046 primum
1028 3969 1237 4054 paterentur,

118 4065 197 4112 nou
228 4045 278 4112 eia
307 4045 426 4112 divina
453 4061 490 4112 et
515 4043 696 4113 ineffabilia
727 4041 984 4110 immutabilitas
1005 4056 1040 4108 at
1060 4045 1238 4106 harmonra

117 4128 297 4198 rationum
323 4128 457 4208 inellet,
493 4129 639 4218 proinde
669 4147 743 4202 non
771 4126 851 4194 ideo
872 4127 1066 4194 intellectua
1086 4121 1238 4188 intellec·

119 4215 232 4284 tualee
252 4233 413 4298 uumuoe
432 4225 545 4284 utare
565 4214 737 4302 potandae
758 4211 822 4290 cll,
851 4211 930 4301 quia
950 4211 988 4282 in
1010 4207 1135 4297 leiplor
1155 4221 1237 4274 cont·
1336 4247 1363 4262 --
