3036 4862
1210 7 1219 32 o

1100 51 1146 100 s.

301 269 306 282 ·
387 297 394 325 ι
518 221 811 362 uteremur
873 345 877 352 ,
1148 269 1236 348 aaa·

1111 397 1118 448 l

110 463 153 528 sit
184 443 339 528 omnium
371 455 563 536 ncceffittte
581 457 748 536 liberum,
782 457 938 610 colligate
955 457 1123 534 naturali,
1157 461 1226 528 ltoo

111 545 176 621 eil.
206 542 370 610 materiali
391 542 568 696 potentiae
586 543 803 692 subjugatum
838 545 871 628 se
939 565 975 618 er
996 544 1028 608 se
1042 557 1225 641 potentem

112 631 156 694 ad
170 626 328 715 ,idquoal
350 629 392 695 de
418 631 511 700 derat
531 629 634 708 habat
655 650 699 694 ro
713 643 878 694 untatem.
960 647 975 692 a
996 649 1087 694 erum
1105 625 1150 692 eil
1166 629 1225 694 do·

110 710 245 778 minato
266 732 383 779 carena
404 733 443 778 ac
463 710 653 778 voluntaria
675 711 794 779 virtue.
833 713 935 797 Quod
958 725 1070 779 autem
1084 709 1226 796 cogitur

113 794 380 882 violentiamque
401 793 547 881 patitur.
570 794 680 862 virtue
700 796 763 862 elie
783 816 854 860 non
875 794 990 882 potest.
1033 797 1164 860 interca
1186 792 1225 858 iu

107 878 272 946 omuibua
292 875 476 1028 imeffm
497 876 695 966 principalia
716 879 861 1028 exempli
889 893 924 943 et
946 879 1136 944 charactera
1151 877 1226 965 pul·

111 961 293 1028 critudiuia
324 985 347 1050 g
391 983 469 1037 ana.
501 961 563 1030 nist
589 961 627 1026 in
656 962 770 1050 aliquo
823 961 1024 1028 sfferentiam
1055 960 1224 1036 habuerit,

78 1065 184 1134 ¹non
214 1049 282 1125 jam
312 1045 377 1110 erit
408 1043 550 1112 omnino
577 1044 701 1112 similer
734 1047 790 1112 scd
811 1049 878 1114 hoc
899 1045 1008 1134 ipsum
1027 1067 1090 1194 per
1110 1042 1226 1114 omnia

112 1127 317 1205 ostenditur,
349 1132 440 1216 quod
474 1127 509 1194 in
533 1130 691 1204 universo
713 1151 783 1196 non
808 1129 911 1196 distat.
949 1131 1098 1216 (Quaem
1120 1127 1226 1216 igitur

107 1211 625 1384 {tertionarii
645 1207 1225 1385 attatlatatzrtttul
1262 1233 1267 1238 ·

111 1367 242 1444 tioncrn
264 1377 411 1450 subfillit.
455 1379 548 1452 Talia
569 1397 685 1446 autem
704 1379 919 1468 proprietatis
942 1379 1132 1446 differentia
1148 1381 1224 1444 alia·

110 1484 187 1526 rum
208 1460 331 1526 iterum
354 1461 597 1550 proprietatum
621 1463 896 1552 consequentiam
919 1463 1010 1530 iecit.
1058 1463 1225 1534 Concedi-

111 1561 168 1610 tur
188 1545 279 1612 enim
302 1546 444 1614 omnino
465 1543 648 1616 increatam
666 1565 819 1615 naturam
837 1547 1224 1624 inconnerlibileruclse,

110 1629 178 1694 sem
206 1649 307 1716 etque
328 1628 478 1704 imiliter
497 1633 640 1696 haberer
663 1649 952 1714 creaturamlveto
973 1653 1045 1704 non
1067 1633 1136 1704 fine
1152 1653 1225 1706 mu·

111 1651 278 1812 tabilipate
306 1711 489 1780 consistere.
538 1716 624 1780 Nam
655 1715 726 1803 ipse
759 1736 890 1790 ernon
914 1715 1226 1800 exissentainlasle

113 1809 274 1862 traantur
295 1813 408 1862 motua
453 1796 568 1864 uidam
590 1797 650 1873 eil,
681 1813 715 1862 et
737 1797 881 1864 mutatio
903 1819 974 1864 non
997 1797 1165 1872 exilienti·
1188 1797 1225 1862 in

110 1879 193 1955 esse,
216 1879 401 1944 secundum
448 1879 575 1948 trinam
595 1883 806 1948 voluntatem
823 1881 1048 1954 transmutati.
1079 1884 1127 1948 Ac
1141 1881 1227 1946 ficut

111 1961 150 2026 in
177 1982 252 2028 aere
274 1965 482 2039 charactera,
504 1963 653 2030 Caesario
673 1964 858 2050 imaginem
878 1965 1103 2112 Evangelium
1125 1961 1227 2030 dicite
1282 1997 1286 2008 ·
1391 1955 1395 1964 ’

111 2067 173 2132 per
225 2047 297 2118 uod
325 2046 487 2114 ‹liacimua
512 2051 606 2126 juxta
633 2045 771 2132 quidem
800 2047 942 2134 figuram
995 2045 1227 2118 militudinem

109 2130 174 2194 else
218 2128 339 2194 ormati
369 2130 427 2194 adr
442 2127 634 2202 Caesarem.
664 2129 700 2194 in
723 2131 873 2208 subjecto
895 2151 977 2202 vero
1000 2129 1226 2194 differentiam
1355 2149 1359 2160 ·

110 2213 255 2286 haberea
288 2211 334 2276 sic
363 2211 465 2282 ctiam
495 2211 681 2280 secundum
714 2211 923 2298 praesentem
949 2213 1117 2280 rationem
1147 2214 1226 2280 loco

110 2293 300 2381 imaginum
328 2315 414 2382 qnae
443 2293 696 2360 considerautur
722 2295 759 2360 in
791 2293 907 2362 divina
927 2313 1073 2371 natura,
1103 2296 1141 2363 in
1162 2301 1226 2362 hu·

110 2401 210 2444 mana
239 2377 339 2446 etiam
367 2377 557 2464 cogitantea
590 2400 627 2442 ea
659 2377 697 2444 in
728 2377 851 2466 quibua
886 2379 1153 2456 srmilitudoest,
1186 2377 1225 2444 in
1272 2380 1279 2402 ⁸
1306 2439 1315 2456 ,

110 2463 261 2543 subjecto
282 2461 507 2536 differentiam
529 2459 740 2535 invenimus.
769 2464 936 2548 quatenus
957 2462 993 2528 in
1016 2485 1087 2532 non
1113 2475 1226 2528 creato

110 2563 147 2612 et
177 2561 289 2612 creato
319 2547 581 2612 confiderentur.
631 2545 803 2630 Quoniam
834 2545 939 2632 igitur
970 2547 1056 2610 illud
1109 2545 1225 2610 uidem

110 2631 240 2716 semper
260 2629 409 2696 imiliter
430 2631 550 2699 habet.
573 2631 640 2692 hoc
662 2646 774 2694 autem
798 2651 858 2719 per
873 2569 1113 2694 creationeml

111 2735 153 2778 ex
173 2711 400 2782 mutabilitate
421 2713 484 2776 else
506 2710 698 2785 inchoavit.
723 2727 756 2774 et
778 2727 955 2796 cognatam
978 2715 1020 2776 ad
1039 2711 1138 2776 talem
1152 2733 1225 2776 mu·

110 2795 312 2862 tabilitatem
335 2797 437 2861 habet
457 2794 727 2859 conversionemr
749 2807 932 2940 prppterea
954 2793 1014 2879 qui
1035 2793 1135 2858 novit
1156 2813 1227 2860 om·

112 2877 171 2944 uia
199 2893 278 2942 ante
307 2875 578 2963 generationem,
615 2875 699 2940 ficut
728 2891 776 2940 art
830 2878 992 2962 ropheta,
1023 2878 1227 2942 consecutae

112 2975 228 3027 antem
259 2960 365 3048 magia
396 2957 670 3047 praeintelligens
697 2958 907 3044 prognostica
928 2959 1055 3024 virtute
1077 2963 1118 3024 ad
1142 2959 1227 3046 quill
1253 2954 1258 2965 ¹

111 3043 293 3110 inclinaret
322 3065 383 3129 per
414 3043 505 3106 suam
535 3041 698 3106 virtutem
721 3042 879 3126 suamquc
899 3041 1089 3126 potentiam
1110 3045 1227 3108 huma·

112 3149 178 3194 uae
202 3125 389 3192 voluntatia
417 3135 552 3201 motus,
587 3123 750 3212 quoniam
771 3127 864 3210 quod
884 3126 1039 3188 futurum
1061 3125 1105 3188 eil
1124 3125 1224 3201 vidit,

111 3210 423 3312 supermachinatua
452 3209 496 3272 eil
522 3207 663 3295 imagini
685 3209 869 3274 secundum
892 3209 1079 3282 marculum
1101 3224 1136 3272 et
1157 3209 1227 3274 soe·

111 3317 239 3362 martam
272 3291 516 3365 differentiam.
552 3313 638 3378 quae
669 3313 740 3356 non
768 3295 834 3370 jam
858 3292 906 3354 act
923 3289 1079 3354 divinum
1098 3289 1226 3388 princi-

137 3381 188 3444 ale
210 3378 400 3462 exemplum
424 3374 560 3462 aspicit,
589 3377 646 3440 sed
666 3376 762 3448 (ficut
786 3371 914 3438 dictum
937 3373 994 3452 etl)
1014 3373 1225 3448 irrationabi-

111 3405 190 3528 liori
212 3455 370 3527 adhaeret
389 3475 539 3524 naturae.
591 3459 735 3524 Causam
758 3478 839 3522 vero
861 3456 936 3522 talia
957 3457 1227 3544 supermachina-

114 3543 219 3610 tionia
243 3545 301 3610 soli
347 3541 461 3606 uident
484 3543 663 3615 noverint.
687 3541 746 3628 qui
769 3539 946 3606 veritatem
968 3563 1029 3626 per
1049 3542 1083 3604 se
1105 3539 1226 3608 vident

113 3643 148 3692 et
169 3627 308 3692 ministri
323 3566 406 3690 lunt
427 3624 532 3690 verbi.
574 3629 644 3691 Nor
667 3641 798 3700 autern,
854 3639 997 3690 uantum
1013 3622 1225 3709 poilibilaesl

114 3733 156 3774 eat
186 3710 385 3798 quibuadanr
415 3707 619 3787 conjectoria
654 3726 753 3794 atque
775 3645 1026 3794 molequentiia
1048 3708 1226 3788 veritatem

115 3791 315 3878 opinanter.
339 3797 431 3878 quod
452 3789 662 3858 inanimum
685 3791 782 3856 venit
802 3795 873 3856 non
895 3789 1152 3890 pronuntiative
1169 3813 1224 3864 ert·

67 3883 75 3906 ·
115 3863 1226 4046 arar‘tartareitaranta‘attitulata

1111 2645 1225 2694 {ellim
1319 2688 1324 2699 .

116 4043 218 4110 mua‘l
282 4063 373 4108 armo
404 4041 471 4129 qui·
492 4043 594 4120 droit,
624 4041 706 4144 fecit
738 4043 830 4106 Deua
883 4041 1053 4117 ominem.
1090 4039 1227 4106 infinita
1351 4085 1358 4094 ‚
1394 4053 1400 4066 “

50 4143 57 4160 ·
116 4123 361 4215 fignificationc
389 4137 537 4192 omnem¹
553 4130 800 4191 humanatatem
829 4124 983 4192 ostendit.
1024 4127 1103 4190 Non
1132 4122 1228 4194 onim

116 4233 212 4278 nunc
231 4208 492 4297 cognominatur
513 4225 685 4278 creaturae
704 4211 830 4284 adam,
851 4208 935 4276 licut
954 4204 1227 4316 insequentium
