2952 4824
480 187 807 330 miceam.
989 299 992 314 .
1144 253 1199 330 n

84 441 173 508 dum
192 433 489 532 multiplicatioole
508 439 588 508 luae
605 437 782 508 observare
800 436 930 518 noluit,
951 437 990 506 ln
1001 435 1198 528 pecorinam

84 521 414 611 corruptibilemque
446 547 488 590 ex
514 525 665 590 maeculo
694 541 730 590 et
755 523 904 590 foemina
926 524 1199 590 uumerolitatem
1328 543 1330 550 “

82 607 172 690 iulio
201 605 333 686 judicio
361 609 516 674 redactus
544 607 597 674 etl.
637 595 739 694 Quae
767 607 885 680 divisio
906 606 944 672 in
967 607 1096 674 Christo
1117 610 1198 672 adu·
1268 675 1272 679 ,

82 689 242 756 nationis
270 689 407 776 lumpfit
431 692 625 766 exordium,
654 691 715 779 qui
741 688 780 756 in
805 691 839 755 le
859 690 932 777 ipso
952 694 1120 758 humanae
1132 711 1199 754 na·

83 791 185 840 turae
205 772 452 839 restaurationie
473 775 664 861 exemplum
684 773 847 840 verenter
870 775 1029 851 ostendit,
1051 789 1086 838 et
1105 773 1198 838 lutu-

82 874 142 922 rae
162 855 418 923 resurrectionis
439 857 691 924 fimilitudinem
711 856 883 944 praestitit.

121 967 127 984 ·
149 955 184 1017 7.
207 946 252 1006 In
270 937 361 1031 ipfis,
385 939 508 1027 inquit,
530 965 613 1042 quoe
632 957 716 1006 nunc
735 945 823 1006 cirea
835 963 905 1006 eum
915 935 1120 1035 sectionibus
1130 959 1197 1006 non

81 1021 231 1116 dimsau,
280 1023 445 1088 sectiones
477 1023 562 1090 dicit
589 1025 679 1090 circa
705 1025 879 1092 hominem
907 1026 1196 1112 poll,peccatum,

79 1129 159 1174 nou
180 1105 510 1174 [olumdivifionem
534 1108 572 1174 in
592 1111 780 1182 marculum
800 1123 835 1174 et
855 1107 1057 1183 foeminam,
1078 1128 1197 1174 verum

81 1190 193 1254 etiam
212 1189 250 1254 in
271 1190 476 1276 multiplices
496 1192 894 1282 varietatea·qualitatum
910 1209 944 1258 et
956 1189 1196 1291 quantitatum,

82 1273 355 1372 dilierenuarum
379 1293 424 1338 ue
450 1273 554 1350 unitae
581 1276 725 1360 formae3
757 1276 921 1363 liquidem
948 1275 1117 1372 diversitas
1137 1279 1199 1342 ho·

79 1379 221 1455 mmum
244 1379 263 1420 a
284 1295 416 1504 leigii,
451 1374 516 1445 qua
537 1357 806 1447 uniuscujusque
826 1359 953 1448 speclea
974 1361 1014 1424 ab
1037 1359 1111 1422 alna
1133 1358 1199 1424 dle·

82 1455 258 1516 mmm,
281 1455 316 1506 et

81 1523 205 1598 venit,
227 1524 286 1590 sed
306 1540 346 1588 ex
366 1523 467 1600 vitio,
502 1541 536 1590 et
556 1525 745 1592 diverlitate
764 1527 922 1593 locorum
940 1539 974 1590 et
994 1515 1196 1610 temporum,

82 1621 269 1686 terrarum,
291 1629 470 1706 aquarum,
493 1617 627 1686 airum,
651 1631 811 1687 escarum,
828 1623 1100 1694 caeterarumque
1110 1606 1198 1672 fimi·

81 1688 174 1754 lium
200 1690 238 1754 in
271 1693 393 1776 quibua
423 1709 610 1760 nascuntur
630 1708 665 1759 et
683 1693 893 1760 nutriuntur.
934 1695 987 1758 De
1009 1690 1200 1758 diversitate

82 1793 239 1849 morum,
273 1774 605 1863 cogitationumque,
644 1777 849 1864 superfluum
880 1777 923 1842 eli
952 1775 1082 1849 dicere,
1117 1795 1197 1842 cum

83 1854 248 1920 omnibua
267 1858 480 1924 manifestum
502 1861 542 1924 lit
569 1881 608 1924 ex
629 1859 802 1926 Divifione
822 1863 970 1926 Naturae
988 1858 1062 1946 post
1108 1879 1199 1924 ecca·

82 1954 164 2002 tum
184 1937 323 2004 initium
342 1941 517 2027 lumpfiffe.
554 1930 702 2026 'Propter
722 1939 839 2032 ipsam,
865 1943 988 2030 inquit,
1010 1965 1072 2022 per
1093 1956 1198 2006 ectum

82 2023 322 2090 amoenam
338 2025 385 2097 nd,
396 2030 566 2109 propriam
581 2032 744 2092 rationem
756 2051 820 2110 per
832 2021 1107 2120 cuomsubfistrta
1122 2025 1198 2090 acli
1220 2109 1224 2116 Ι

85 2106 233 2190 diceret3
249 2104 329 2172 ideo
342 2111 446 2174 homo
457 2125 597 2174 naturae
610 2111 688 2174 luae
702 2110 899 2176 divilionem
914 2131 986 2182 non
995 2107 1198 2207 patereturfi

85 2189 1199 2354 arietariaeatticaeaaluialactatca·

89 2355 232 2431 delicet,
260 2295 442 2442 iriquibua
463 2357 620 2434 lubfillit,
647 2299 913 2444 insepirabiliter
935 2361 1145 2434 adhaereret,
1174 2355 1199 2420 sa

88 2439 211 2525 sponte
237 2435 295 2502 lua
327 2442 367 2503 ab
388 2440 436 2504 eia
458 2441 490 2504 le
514 2440 623 2526 ipsum
644 2462 716 2508 non
738 2443 905 2508 evelleret.
947 2443 1027 2506 Non
1047 2440 1140 2506 enim
1160 2437 1199 2502 in

87 2523 143 2588 hie
172 2520 210 2586 iu
242 2521 364 2609 quibua¹
395 2543 490 2588 nunc
515 2523 653 2588 videtur
682 2525 745 2590 elle
762 2527 865 2592 homo
890 2523 1050 2602 conlidit,
1081 2524 1139 2588 sed
1160 2520 1199 2586 in

91 2602 235 2672 occultis
266 2621 406 2672 naturae
427 2607 530 2671 caulie
551 2607 737 2673 secundum
757 2629 840 2707 quaa
860 2607 1019 2694 primitus
1040 2605 1201 2677 conditae

89 2689 152 2765 cst,
174 2703 209 2752 et
229 2689 272 2752 ad
292 2709 373 2776 quae
393 2690 584 2754 reversurae
606 2691 665 2765 est,
689 2705 885 2756 continetur
904 2689 942 2754 in
961 2706 1127 2788 quantum
1143 2687 1197 2752 est.

51 2809 80 2865 χ
152 2781 185 2850 a
218 2772 263 2834 Et
289 2771 452 2858 quoniam
479 2772 554 2870 poll
582 2773 824 2840 adunationem
852 2771 1022 2854 hominaa,
1053 2776 1122 2836 hoc
1143 2769 1198 2846 ea,

91 2851 238 2940 duplicia
260 2853 355 2920 lexue
376 2852 413 2920 in
436 2853 608 2940 pristinam
627 2872 767 2921 naturae
788 2855 971 2931 unitatem,
993 2855 1031 2920 in
1054 2875 1121 2941 qua
1139 2874 1200 2918 ne·

91 2937 835 3086 tramittitttiilttaltd,lm
849 2937 1199 3106 attillani!

90 3105 248 3206 Deinde,
281 3102 412 3191 inquit,
446 3103 640 3206 Paradisum
668 3105 838 3206 orbaeque
863 3113 1024 3168 terranem
1043 3123 1105 3188 per
1123 3066 1200 3184 pros

90 3179 1203 3376 tffllttttfftmastltttssltt151¹,,emtl“sti

81 3357 1204 3532 factitata&”fallit,ltllttbttl‘ltttftll

92 3521 188 3588 euim
218 3521 431 3607 facile-patet
452 3521 536 3608 quid
556 3521 693 3587 suadere
713 3520 812 3586 velit:
845 3537 960 3586 utrum
982 3519 1082 3587 Orbia
1103 3535 1203 3584 terra·
1285 3603 1287 3608 Ι

90 3627 170 3672 rum
195 3607 275 3670 dum
298 3615 418 3670 omnea'
435 3603 633 3690 substantiae
656 3607 912 3680 adunabuntur,
958 3603 1084 3670 aradilo
1100 3623 1204 3689 copu-

91 3688 234 3761 labitur,
264 3689 418 3752 utnulla
439 3685 607 3754 diversitas
628 3687 777 3775 partium
797 3688 835 3754 in
857 3629 1000 3764 eiciat,
1032 3687 1090 3752 led
1110 3701 1204 3760 totue
1275 3719 1281 3726 -

62 3809 64 3812 -
91 3771 266 3920 9²}⁸difui
295 3770 492 3918 eritaffnam
521 3771 720 3917 instratione
750 3771 1053 3920 agunafuoniaellrroc
1074 3769 1205 3918 lelmper

90 3859 139 4006 a
152 3870 1037 4036 anameljan}casatam?

89 4039 163 4089 tem
184 4025 280 4110 quod
298 4023 419 4088 melius
441 4021 485 4088 ell
505 4043 542 4086 ιιι
566 4022 713 4088 deterius
735 4023 899 4099 naurire,
920 4025 988 4088 hoc
1008 4019 1072 4098 est,
1093 4023 1205 4085 reduc

89 4105 129 4172 in
151 4105 377 4172 renovatione
398 4121 593 4187 naturarum
615 4105 780 4206 (alioquin
802 4105 962 4174 adunatio
983 4125 1055 4170 nou
1071 4102 1135 4168 crit
1146 4101 1205 4166 led
1294 4107 1299 4121 “

92 4189 228 4272 divido)
248 4211 328 4257 vera
348 4188 426 4258 ituit
444 4188 544 4258 ratio.
588 4188 645 4260 Sic
667 4211 759 4260 erum
780 4191 947 4270 humanae
967 4203 1108 4258 naturae
1122 4185 1204 4254 adu·

361 1457 474 1506 aturae
494 1446 615 1510 modue
636 1443 800 1519 variatur,
824 1464 897 1508 non
919 1464 959 1508 ex
978 1457 1099 1509 natura
1120 1461 1198 1527 pro·
1277 1491 1282 1498 -
1333 1489 1339 1522 .
