<?xml version="1.0" encoding="UTF-8"?>
<!DOCTYPE html PUBLIC "-//W3C//DTD XHTML 1.0 Transitional//EN"
    "http://www.w3.org/TR/xhtml1/DTD/xhtml1-transitional.dtd">
<html xmlns="http://www.w3.org/1999/xhtml" xml:lang="en" lang="en">
 <head>
  <title>
</title>
<meta http-equiv="Content-Type" content="text/html;charset=utf-8" />
  <meta name='ocr-system' content='tesseract 3.04.00' />
  <meta name='ocr-capabilities' content='ocr_page ocr_carea ocr_par ocr_line ocrx_word'/>
</head>
<body>
  <div class='ocr_page' id='page_1' title='image "./dedivisionenatu00eriggoog_0572.png"; bbox 0 0 2884 4820; ppageno 0'>
   <div class='ocr_carea' id='block_1_1' title="bbox 453 218 1260 370">
    <p class='ocr_par' dir='ltr' id='par_1_1' title="bbox 453 218 1260 370">
     <span class='ocr_line' id='line_1_1' title="bbox 453 218 1260 370; baseline 0.005 -38"><span class='ocrx_word' id='word_1_1' title='bbox 453 256 745 352; x_wconf 66' lang='lat' dir='ltr'><strong>mutuatu.</strong></span> <span class='ocrx_word' id='word_1_2' title='bbox 841 261 921 370; x_wconf 19' lang='grc' dir='ltr'>ἰ</span> <span class='ocrx_word' id='word_1_3' title='bbox 1077 261 1156 336; x_wconf 76' lang='lat' dir='ltr'><strong>tao</strong></span> <span class='ocrx_word' id='word_1_4' title='bbox 1252 218 1260 230; x_wconf 83' lang='grc'><strong>’</strong></span> 
     </span>
    </p>
   </div>
   <div class='ocr_carea' id='block_1_2' title="bbox 48 437 1156 532">
    <p class='ocr_par' dir='ltr' id='par_1_2' title="bbox 48 437 1156 532">
     <span class='ocr_line' id='line_1_2' title="bbox 48 437 1156 532; baseline 0.009 -30"><span class='ocrx_word' id='word_1_5' title='bbox 48 440 113 504; x_wconf 85' lang='lat' dir='ltr'><strong>luna</strong></span> <span class='ocrx_word' id='word_1_6' title='bbox 130 437 262 525; x_wconf 73' lang='lat' dir='ltr'><strong>stupet</strong></span> <span class='ocrx_word' id='word_1_7' title='bbox 282 439 613 522; x_wconf 64' lang='lat' dir='ltr'><strong>onocentaurorum,</strong></span> <span class='ocrx_word' id='word_1_8' title='bbox 646 441 880 532; x_wconf 80' lang='lat' dir='ltr'><strong>suppliciaque</strong></span> <span class='ocrx_word' id='word_1_9' title='bbox 898 443 1087 530; x_wconf 66' lang='lat' dir='ltr'><strong>paliurum</strong></span> <span class='ocrx_word' id='word_1_10' title='bbox 1119 445 1156 512; x_wconf 80' lang='lat' dir='ltr'><strong>et</strong></span> 
     </span>
    </p>
   </div>
   <div class='ocr_carea' id='block_1_3' title="bbox 50 519 1273 630">
    <p class='ocr_par' dir='ltr' id='par_1_3' title="bbox 50 519 1273 630">
     <span class='ocr_line' id='line_1_3' title="bbox 50 519 1273 630; baseline 0.011 -42"><span class='ocrx_word' id='word_1_11' title='bbox 50 519 137 600; x_wconf 75' lang='lat' dir='ltr'><strong>bita</strong></span> <span class='ocrx_word' id='word_1_12' title='bbox 157 521 221 598; x_wconf 80' lang='lat' dir='ltr'><strong>eii,</strong></span> <span class='ocrx_word' id='word_1_13' title='bbox 243 522 394 612; x_wconf 82' lang='lat' dir='ltr'><strong>sequitur</strong></span> <span class='ocrx_word' id='word_1_14' title='bbox 413 547 484 591; x_wconf 87' lang='lat' dir='ltr'><strong>non</strong></span> <span class='ocrx_word' id='word_1_15' title='bbox 509 528 651 594; x_wconf 85' lang='lat' dir='ltr'><strong>omnino</strong></span> <span class='ocrx_word' id='word_1_16' title='bbox 672 526 940 630; x_wconf 75' lang='lat' dir='ltr'><strong>pulcritudinem</strong></span> <span class='ocrx_word' id='word_1_17' title='bbox 957 544 1154 599; x_wconf 84' lang='lat' dir='ltr'><strong>naturarum</strong></span> <span class='ocrx_word' id='word_1_18' title='bbox 1270 565 1273 570; x_wconf 94' lang='lat'>·</span> 
     </span>
    </p>
   </div>
   <div class='ocr_carea' id='block_1_4' title="bbox 40 603 1291 2042">
    <p class='ocr_par' dir='ltr' id='par_1_4' title="bbox 40 603 1291 2042">
     <span class='ocr_line' id='line_1_4' title="bbox 48 603 1153 764; baseline 0.007 -12"><span class='ocrx_word' id='word_1_19' title='bbox 48 603 462 764; x_wconf 55' lang='lat' dir='ltr'><strong>iiiii‘iiiiiaiiiiiiia</strong></span> <span class='ocrx_word' id='word_1_20' title='bbox 477 633 559 760; x_wconf 68' lang='lat' dir='ltr'><strong>”lt</strong></span> <span class='ocrx_word' id='word_1_21' title='bbox 581 609 1153 764; x_wconf 56' lang='lat' dir='ltr'><strong>,imiiffnliolinfiiiim‘iii</strong></span> 
     </span>
     <span class='ocr_line' id='line_1_5' title="bbox 47 713 1153 874; baseline 0.01 -39"><span class='ocrx_word' id='word_1_22' title='bbox 47 773 118 868; x_wconf 79' lang='lat' dir='ltr'><strong>deut</strong></span> <span class='ocrx_word' id='word_1_23' title='bbox 146 713 238 871; x_wconf 68' lang='lat' dir='ltr'><strong>iniia</strong></span> <span class='ocrx_word' id='word_1_24' title='bbox 270 763 568 874; x_wconf 49' lang='lat' dir='ltr'><strong>rerumuatu&#39;raru</strong></span> <span class='ocrx_word' id='word_1_25' title='bbox 590 781 644 844; x_wconf 86' lang='lat' dir='ltr'><strong>vel</strong></span> <span class='ocrx_word' id='word_1_26' title='bbox 667 795 758 846; x_wconf 85' lang='lat' dir='ltr'><strong>extra</strong></span> <span class='ocrx_word' id='word_1_27' title='bbox 779 802 851 846; x_wconf 87' lang='lat' dir='ltr'><strong>earu</strong></span> <span class='ocrx_word' id='word_1_28' title='bbox 873 719 1006 846; x_wconf 67' lang='lat' dir='ltr'><strong>initum</strong></span> <span class='ocrx_word' id='word_1_29' title='bbox 1027 719 1153 846; x_wconf 77' lang='lat' dir='ltr'><strong>maium</strong></span> 
     </span>
     <span class='ocr_line' id='line_1_6' title="bbox 45 857 1153 960; baseline 0.012 -45"><span class='ocrx_word' id='word_1_30' title='bbox 45 875 209 953; x_wconf 71' lang='lat' dir='ltr'><strong>inrepere,</strong></span> <span class='ocrx_word' id='word_1_31' title='bbox 241 857 324 924; x_wconf 87' lang='lat' dir='ltr'><strong>ficut</strong></span> <span class='ocrx_word' id='word_1_32' title='bbox 355 861 534 960; x_wconf 77' lang='lat' dir='ltr'><strong>Droupfiua</strong></span> <span class='ocrx_word' id='word_1_33' title='bbox 563 863 765 951; x_wconf 75' lang='lat' dir='ltr'><strong>Areopagita</strong></span> <span class='ocrx_word' id='word_1_34' title='bbox 785 862 821 930; x_wconf 87' lang='lat' dir='ltr'><strong>iu</strong></span> <span class='ocrx_word' id='word_1_35' title='bbox 843 862 930 928; x_wconf 90' lang='lat' dir='ltr'><strong>libro</strong></span> <span class='ocrx_word' id='word_1_36' title='bbox 953 866 995 929; x_wconf 90' lang='lat' dir='ltr'><strong>de</strong></span> <span class='ocrx_word' id='word_1_37' title='bbox 1016 861 1153 928; x_wconf 71' lang='lat' dir='ltr'><strong>Divinis</strong></span> 
     </span>
     <span class='ocr_line' id='line_1_7' title="bbox 44 939 1154 1034; baseline 0.009 -32"><span class='ocrx_word' id='word_1_38' title='bbox 44 939 239 1034; x_wconf 76' lang='lat' dir='ltr'><strong>lioruanibua</strong></span> <span class='ocrx_word' id='word_1_39' title='bbox 272 943 519 1030; x_wconf 80' lang='lat' dir='ltr'><strong>multiplicabor</strong></span> <span class='ocrx_word' id='word_1_40' title='bbox 552 946 666 1012; x_wconf 88' lang='lat' dir='ltr'><strong>aiiruit</strong></span> <span class='ocrx_word' id='word_1_41' title='bbox 695 945 904 1022; x_wconf 86' lang='lat' dir='ltr'><strong>rationibua,</strong></span> <span class='ocrx_word' id='word_1_42' title='bbox 947 968 1030 1034; x_wconf 86' lang='lat' dir='ltr'><strong>quaa</strong></span> <span class='ocrx_word' id='word_1_43' title='bbox 1058 967 1154 1012; x_wconf 87' lang='lat' dir='ltr'><strong>nuuc</strong></span> 
     </span>
     <span class='ocr_line' id='line_1_8' title="bbox 44 1026 1153 1117; baseline 0.011 -33"><span class='ocrx_word' id='word_1_44' title='bbox 44 1026 252 1090; x_wconf 75' lang='lat' dir='ltr'><strong>introducere</strong></span> <span class='ocrx_word' id='word_1_45' title='bbox 286 1042 320 1090; x_wconf 90' lang='lat' dir='ltr'><strong>et</strong></span> <span class='ocrx_word' id='word_1_46' title='bbox 349 1029 491 1114; x_wconf 81' lang='lat' dir='ltr'><strong>longum</strong></span> <span class='ocrx_word' id='word_1_47' title='bbox 521 1045 556 1096; x_wconf 87' lang='lat' dir='ltr'><strong>et</strong></span> <span class='ocrx_word' id='word_1_48' title='bbox 589 1031 792 1117; x_wconf 84' lang='lat' dir='ltr'><strong>superfluum</strong></span> <span class='ocrx_word' id='word_1_49' title='bbox 822 1029 967 1096; x_wconf 85' lang='lat' dir='ltr'><strong>videtur.</strong></span> <span class='ocrx_word' id='word_1_50' title='bbox 1017 1029 1153 1096; x_wconf 81' lang='lat' dir='ltr'><strong>Deinde</strong></span> 
     </span>
     <span class='ocr_line' id='line_1_9' title="bbox 42 1107 1291 1248; baseline 0.01 -81"><span class='ocrx_word' id='word_1_51' title='bbox 42 1107 210 1248; x_wconf 65' lang='lat' dir='ltr'><strong>perreriae</strong></span> <span class='ocrx_word' id='word_1_52' title='bbox 232 1111 461 1194; x_wconf 78' lang='lat' dir='ltr'><strong>perversarum</strong></span> <span class='ocrx_word' id='word_1_53' title='bbox 483 1115 699 1180; x_wconf 82' lang='lat' dir='ltr'><strong>voluntatum</strong></span> <span class='ocrx_word' id='word_1_54' title='bbox 725 1130 839 1182; x_wconf 80' lang='lat' dir='ltr'><strong>mutuo</strong></span> <span class='ocrx_word' id='word_1_55' title='bbox 863 1115 968 1178; x_wconf 80' lang='lat' dir='ltr'><strong>malou</strong></span> <span class='ocrx_word' id='word_1_56' title='bbox 989 1135 1061 1185; x_wconf 86' lang='lat' dir='ltr'><strong>non</strong></span> <span class='ocrx_word' id='word_1_57' title='bbox 1077 1113 1151 1192; x_wconf 87' lang='lat' dir='ltr'><strong>elle,</strong></span> <span class='ocrx_word' id='word_1_58' title='bbox 1288 1191 1291 1201; x_wconf 27' lang='grc' dir='ltr'>Ι</span> 
     </span>
     <span class='ocr_line' id='line_1_10' title="bbox 54 1189 1152 1286; baseline 0.01 -37"><span class='ocrx_word' id='word_1_59' title='bbox 54 1189 106 1285; x_wconf 44' lang='lat' dir='ltr'><strong>ed·</strong></span> <span class='ocrx_word' id='word_1_60' title='bbox 125 1191 283 1286; x_wconf 69' lang='lat' dir='ltr'><strong>rllrertoaa</strong></span> <span class='ocrx_word' id='word_1_61' title='bbox 343 1198 411 1260; x_wconf 92' lang='lat' dir='ltr'><strong>uod</strong></span> <span class='ocrx_word' id='word_1_62' title='bbox 441 1195 534 1262; x_wconf 87' lang='lat' dir='ltr'><strong>anim</strong></span> <span class='ocrx_word' id='word_1_63' title='bbox 556 1219 596 1262; x_wconf 88' lang='lat' dir='ltr'><strong>ex</strong></span> <span class='ocrx_word' id='word_1_64' title='bbox 617 1197 723 1264; x_wconf 89' lang='lat' dir='ltr'><strong>libero</strong></span> <span class='ocrx_word' id='word_1_65' title='bbox 746 1196 956 1262; x_wconf 72' lang='lat' dir='ltr'><strong>rationabilis</strong></span> <span class='ocrx_word' id='word_1_66' title='bbox 979 1213 1152 1262; x_wconf 71' lang='lat' dir='ltr'><strong>creaturae</strong></span> 
     </span>
     <span class='ocr_line' id='line_1_11' title="bbox 42 1273 1153 1368; baseline 0.01 -36"><span class='ocrx_word' id='word_1_67' title='bbox 42 1273 172 1338; x_wconf 72' lang='lat' dir='ltr'><strong>arbitrio</strong></span> <span class='ocrx_word' id='word_1_68' title='bbox 206 1297 307 1360; x_wconf 90' lang='lat' dir='ltr'><strong>proce</strong></span> <span class='ocrx_word' id='word_1_69' title='bbox 346 1293 381 1353; x_wconf 90' lang='lat' dir='ltr'><strong>t,</strong></span> <span class='ocrx_word' id='word_1_70' title='bbox 418 1279 494 1366; x_wconf 86' lang='lat' dir='ltr'><strong>quia</strong></span> <span class='ocrx_word' id='word_1_71' title='bbox 528 1283 654 1368; x_wconf 81' lang='lat' dir='ltr'><strong>malunt</strong></span> <span class='ocrx_word' id='word_1_72' title='bbox 676 1283 739 1346; x_wconf 84' lang='lat' dir='ltr'><strong>elie</strong></span> <span class='ocrx_word' id='word_1_73' title='bbox 760 1280 907 1346; x_wconf 78' lang='lat' dir='ltr'><strong>dixerit?</strong></span> <span class='ocrx_word' id='word_1_74' title='bbox 944 1278 980 1346; x_wconf 86' lang='lat' dir='ltr'><strong>Si</strong></span> <span class='ocrx_word' id='word_1_75' title='bbox 1002 1279 1094 1347; x_wconf 85' lang='lat' dir='ltr'><strong>cuitu</strong></span> <span class='ocrx_word' id='word_1_76' title='bbox 1114 1277 1153 1344; x_wconf 88' lang='lat' dir='ltr'><strong>li·</strong></span> 
     </span>
     <span class='ocr_line' id='line_1_12' title="bbox 42 1355 1153 1452; baseline 0.011 -36"><span class='ocrx_word' id='word_1_77' title='bbox 42 1355 144 1420; x_wconf 80' lang='lat' dir='ltr'><strong>bertar</strong></span> <span class='ocrx_word' id='word_1_78' title='bbox 177 1373 319 1424; x_wconf 84' lang='lat' dir='ltr'><strong>naturae</strong></span> <span class='ocrx_word' id='word_1_79' title='bbox 346 1362 555 1432; x_wconf 83' lang='lat' dir='ltr'><strong>rationabilia</strong></span> <span class='ocrx_word' id='word_1_80' title='bbox 587 1367 628 1430; x_wconf 91' lang='lat' dir='ltr'><strong>ad</strong></span> <span class='ocrx_word' id='word_1_81' title='bbox 662 1363 845 1452; x_wconf 80' lang='lat' dir='ltr'>imaginem</span> <span class='ocrx_word' id='word_1_82' title='bbox 867 1361 932 1428; x_wconf 89' lang='lat' dir='ltr'><strong>Dei</strong></span> <span class='ocrx_word' id='word_1_83' title='bbox 956 1363 1153 1428; x_wconf 73' lang='lat' dir='ltr'>condimen</span> 
     </span>
     <span class='ocr_line' id='line_1_13' title="bbox 43 1439 1153 1546; baseline 0.006 -43"><span class='ocrx_word' id='word_1_84' title='bbox 43 1439 111 1502; x_wconf 85' lang='lat' dir='ltr'><strong>Deo</strong></span> <span class='ocrx_word' id='word_1_85' title='bbox 130 1441 208 1537; x_wconf 69' lang='lat' dir='ltr'><strong>data</strong></span> <span class='ocrx_word' id='word_1_86' title='bbox 230 1442 299 1519; x_wconf 82' lang='lat' dir='ltr'><strong>est,</strong></span> <span class='ocrx_word' id='word_1_87' title='bbox 323 1465 393 1510; x_wconf 90' lang='lat' dir='ltr'><strong>non</strong></span> <span class='ocrx_word' id='word_1_88' title='bbox 416 1446 508 1512; x_wconf 87' lang='lat' dir='ltr'><strong>enim</strong></span> <span class='ocrx_word' id='word_1_89' title='bbox 533 1446 645 1535; x_wconf 81' lang='lat' dir='ltr'><strong>imago</strong></span> <span class='ocrx_word' id='word_1_90' title='bbox 667 1447 732 1516; x_wconf 89' lang='lat' dir='ltr'><strong>Dei</strong></span> <span class='ocrx_word' id='word_1_91' title='bbox 753 1447 832 1514; x_wconf 87' lang='lat' dir='ltr'><strong>ullia</strong></span> <span class='ocrx_word' id='word_1_92' title='bbox 853 1446 985 1546; x_wconf 64' lang='lat' dir='ltr'><strong>legibue</strong></span> <span class='ocrx_word' id='word_1_93' title='bbox 1008 1443 1153 1510; x_wconf 83' lang='lat' dir='ltr'><strong>detineri</strong></span> 
     </span>
     <span class='ocr_line' id='line_1_14' title="bbox 44 1521 1152 1618; baseline -0.002 -24"><span class='ocrx_word' id='word_1_94' title='bbox 44 1521 155 1586; x_wconf 66' lang='lat' dir='ltr'><strong>debmt</strong></span> <span class='ocrx_word' id='word_1_95' title='bbox 182 1542 322 1603; x_wconf 77' lang='lat' dir='ltr'><strong>coactat</strong></span> <span class='ocrx_word' id='word_1_96' title='bbox 365 1529 545 1596; x_wconf 86' lang='lat' dir='ltr'><strong>necellario</strong></span> <span class='ocrx_word' id='word_1_97' title='bbox 577 1553 678 1598; x_wconf 86' lang='lat' dir='ltr'><strong>omne</strong></span> <span class='ocrx_word' id='word_1_98' title='bbox 704 1535 797 1618; x_wconf 90' lang='lat' dir='ltr'><strong>quod</strong></span> <span class='ocrx_word' id='word_1_99' title='bbox 829 1551 870 1599; x_wconf 82' lang='lat' dir='ltr'><strong>ex</strong></span> <span class='ocrx_word' id='word_1_100' title='bbox 897 1530 966 1616; x_wconf 86' lang='lat' dir='ltr'><strong>rpia</strong></span> <span class='ocrx_word' id='word_1_101' title='bbox 996 1529 1152 1594; x_wconf 86' lang='lat' dir='ltr'><strong>libertate</strong></span> 
     </span>
     <span class='ocr_line' id='line_1_15' title="bbox 42 1603 1151 1702; baseline 0.009 -36"><span class='ocrx_word' id='word_1_102' title='bbox 42 1603 171 1702; x_wconf 57' lang='lat' dir='ltr'><strong>euenit,</strong></span> <span class='ocrx_word' id='word_1_103' title='bbox 207 1611 333 1676; x_wconf 86' lang='lat' dir='ltr'><strong>malum</strong></span> <span class='ocrx_word' id='word_1_104' title='bbox 360 1612 418 1676; x_wconf 86' lang='lat' dir='ltr'><strong>ieu</strong></span> <span class='ocrx_word' id='word_1_105' title='bbox 445 1614 572 1678; x_wconf 87' lang='lat' dir='ltr'><strong>malitia</strong></span> <span class='ocrx_word' id='word_1_106' title='bbox 594 1631 685 1682; x_wconf 82' lang='lat' dir='ltr'><strong>recte</strong></span> <span class='ocrx_word' id='word_1_107' title='bbox 709 1614 777 1680; x_wconf 90' lang='lat' dir='ltr'><strong>dici</strong></span> <span class='ocrx_word' id='word_1_108' title='bbox 797 1634 869 1680; x_wconf 87' lang='lat' dir='ltr'><strong>non</strong></span> <span class='ocrx_word' id='word_1_109' title='bbox 892 1611 1014 1700; x_wconf 81' lang='lat' dir='ltr'><strong>potest,</strong></span> <span class='ocrx_word' id='word_1_110' title='bbox 1046 1609 1151 1685; x_wconf 84' lang='lat' dir='ltr'><strong>noia</strong></span> 
     </span>
     <span class='ocr_line' id='line_1_16' title="bbox 44 1687 1153 1774; baseline 0.009 -26"><span class='ocrx_word' id='word_1_111' title='bbox 44 1687 150 1774; x_wconf 82' lang='lat' dir='ltr'><strong>aquuo</strong></span> <span class='ocrx_word' id='word_1_112' title='bbox 172 1693 298 1758; x_wconf 87' lang='lat' dir='ltr'><strong>malum</strong></span> <span class='ocrx_word' id='word_1_113' title='bbox 322 1709 356 1760; x_wconf 92' lang='lat' dir='ltr'><strong>et</strong></span> <span class='ocrx_word' id='word_1_114' title='bbox 377 1697 504 1762; x_wconf 85' lang='lat' dir='ltr'><strong>malitia</strong></span> <span class='ocrx_word' id='word_1_115' title='bbox 526 1701 760 1766; x_wconf 86' lang='lat' dir='ltr'><strong>obucludatur.</strong></span> <span class='ocrx_word' id='word_1_116' title='bbox 797 1699 843 1760; x_wconf 90' lang='lat' dir='ltr'><strong>Et</strong></span> <span class='ocrx_word' id='word_1_117' title='bbox 863 1695 1012 1762; x_wconf 80' lang='lat' dir='ltr'><strong>illibata</strong></span> <span class='ocrx_word' id='word_1_118' title='bbox 1033 1695 1153 1759; x_wconf 85' lang='lat' dir='ltr'><strong>voluu-</strong></span> 
     </span>
     <span class='ocr_line' id='line_1_17' title="bbox 44 1773 1154 1868; baseline 0.009 -36"><span class='ocrx_word' id='word_1_119' title='bbox 44 1783 88 1834; x_wconf 83' lang='lat' dir='ltr'><strong>tat</strong></span> <span class='ocrx_word' id='word_1_120' title='bbox 110 1773 303 1841; x_wconf 79' lang='lat' dir='ltr'><strong>rationabili</strong></span> <span class='ocrx_word' id='word_1_121' title='bbox 326 1794 359 1842; x_wconf 90' lang='lat' dir='ltr'><strong>et</strong></span> <span class='ocrx_word' id='word_1_122' title='bbox 380 1779 588 1868; x_wconf 77' lang='lat' dir='ltr'><strong>intelligibili</strong></span> <span class='ocrx_word' id='word_1_123' title='bbox 617 1799 788 1848; x_wconf 81' lang='lat' dir='ltr'><strong>creaturae</strong></span> <span class='ocrx_word' id='word_1_124' title='bbox 809 1801 880 1848; x_wconf 88' lang='lat' dir='ltr'><strong>nou</strong></span> <span class='ocrx_word' id='word_1_125' title='bbox 902 1778 981 1844; x_wconf 87' lang='lat' dir='ltr'><strong>idco</strong></span> <span class='ocrx_word' id='word_1_126' title='bbox 1003 1777 1154 1844; x_wconf 82' lang='lat' dir='ltr'><strong>conceffa</strong></span> 
     </span>
     <span class='ocr_line' id='line_1_18' title="bbox 42 1851 1153 1953; baseline 0.007 -33"><span class='ocrx_word' id='word_1_127' title='bbox 42 1851 76 1920; x_wconf 84' lang='lat' dir='ltr'><strong>fit</strong></span> <span class='ocrx_word' id='word_1_128' title='bbox 95 1872 136 1953; x_wconf 67' lang='lat' dir='ltr'><strong>ut</strong></span> <span class='ocrx_word' id='word_1_129' title='bbox 155 1880 215 1944; x_wconf 88' lang='lat' dir='ltr'><strong>per</strong></span> <span class='ocrx_word' id='word_1_130' title='bbox 237 1882 310 1924; x_wconf 86' lang='lat' dir='ltr'><strong>earu</strong></span> <span class='ocrx_word' id='word_1_131' title='bbox 333 1879 506 1946; x_wconf 84' lang='lat' dir='ltr'><strong>peccaret,</strong></span> <span class='ocrx_word' id='word_1_132' title='bbox 541 1865 597 1928; x_wconf 90' lang='lat' dir='ltr'><strong>icd</strong></span> <span class='ocrx_word' id='word_1_133' title='bbox 619 1883 659 1928; x_wconf 89' lang='lat' dir='ltr'><strong>ut</strong></span> <span class='ocrx_word' id='word_1_134' title='bbox 681 1889 741 1950; x_wconf 90' lang='lat' dir='ltr'><strong>per</strong></span> <span class='ocrx_word' id='word_1_135' title='bbox 763 1885 835 1930; x_wconf 85' lang='lat' dir='ltr'><strong>eam</strong></span> <span class='ocrx_word' id='word_1_136' title='bbox 858 1864 975 1949; x_wconf 88' lang='lat' dir='ltr'><strong>pulcre</strong></span> <span class='ocrx_word' id='word_1_137' title='bbox 997 1878 1031 1928; x_wconf 90' lang='lat' dir='ltr'><strong>et</strong></span> <span class='ocrx_word' id='word_1_138' title='bbox 1052 1860 1153 1928; x_wconf 80' lang='lat' dir='ltr'><strong>ratio·</strong></span> 
     </span>
     <span class='ocr_line' id='line_1_19' title="bbox 40 1939 1153 2042; baseline 0.007 -42"><span class='ocrx_word' id='word_1_139' title='bbox 40 1939 191 2006; x_wconf 85' lang='lat' dir='ltr'><strong>uabrlrter</strong></span> <span class='ocrx_word' id='word_1_140' title='bbox 216 1943 393 2013; x_wconf 77' lang='lat' dir='ltr'><strong>,conditori</strong></span> <span class='ocrx_word' id='word_1_141' title='bbox 427 1947 486 2008; x_wconf 84' lang='lat' dir='ltr'><strong>luo</strong></span> <span class='ocrx_word' id='word_1_142' title='bbox 518 1945 715 2042; x_wconf 55' lang='lat' dir='ltr'><strong>inservirctp</strong></span> <span class='ocrx_word' id='word_1_143' title='bbox 760 1962 872 2010; x_wconf 86' lang='lat' dir='ltr'><strong>tamen</strong></span> <span class='ocrx_word' id='word_1_144' title='bbox 902 1945 940 2012; x_wconf 90' lang='lat' dir='ltr'><strong>iu</strong></span> <span class='ocrx_word' id='word_1_145' title='bbox 975 1944 1041 2010; x_wconf 85' lang='lat' dir='ltr'><strong>luia</strong></span> <span class='ocrx_word' id='word_1_146' title='bbox 1071 1944 1153 2012; x_wconf 87' lang='lat' dir='ltr'><strong>licet</strong></span> 
     </span>
    </p>
   </div>
   <div class='ocr_carea' id='block_1_5' title="bbox 41 2021 1372 2108">
    <p class='ocr_par' dir='ltr' id='par_1_5' title="bbox 41 2021 1372 2108">
     <span class='ocr_line' id='line_1_20' title="bbox 41 2021 1372 2108; baseline 0.011 -28"><span class='ocrx_word' id='word_1_147' title='bbox 41 2021 141 2086; x_wconf 85' lang='lat' dir='ltr'><strong>veluti</strong></span> <span class='ocrx_word' id='word_1_148' title='bbox 164 2023 300 2108; x_wconf 87' lang='lat' dir='ltr'><strong>captiva</strong></span> <span class='ocrx_word' id='word_1_149' title='bbox 322 2024 609 2094; x_wconf 72' lang='lat' dir='ltr'><strong>irrationabilibus</strong></span> <span class='ocrx_word' id='word_1_150' title='bbox 631 2031 781 2094; x_wconf 86' lang='lat' dir='ltr'><strong>ruotrbua</strong></span> <span class='ocrx_word' id='word_1_151' title='bbox 802 2030 843 2091; x_wconf 90' lang='lat' dir='ltr'><strong>ad</strong></span> <span class='ocrx_word' id='word_1_152' title='bbox 872 2025 990 2090; x_wconf 90' lang='lat' dir='ltr'><strong>illicita</strong></span> <span class='ocrx_word' id='word_1_153' title='bbox 1013 2041 1153 2092; x_wconf 85' lang='lat' dir='ltr'><strong>attracta</strong></span> <span class='ocrx_word' id='word_1_154' title='bbox 1251 2051 1259 2066; x_wconf 68' lang='lat'>⁸</span> <span class='ocrx_word' id='word_1_155' title='bbox 1369 2040 1372 2049; x_wconf 95' lang='lat'>&#39;</span> 
     </span>
    </p>
   </div>
   <div class='ocr_carea' id='block_1_6' title="bbox 17 2099 1225 3665">
    <p class='ocr_par' dir='ltr' id='par_1_6' title="bbox 17 2099 1225 3665">
     <span class='ocr_line' id='line_1_21' title="bbox 39 2099 1152 2206; baseline 0.008 -42"><span class='ocrx_word' id='word_1_156' title='bbox 39 2099 191 2202; x_wconf 44' lang='lat' dir='ltr'><strong>fit,·nou</strong></span> <span class='ocrx_word' id='word_1_157' title='bbox 222 2104 304 2170; x_wconf 85' lang='lat' dir='ltr'><strong>inde</strong></span> <span class='ocrx_word' id='word_1_158' title='bbox 325 2109 451 2175; x_wconf 86' lang='lat' dir='ltr'><strong>malum</strong></span> <span class='ocrx_word' id='word_1_159' title='bbox 474 2107 640 2185; x_wconf 76' lang='lat' dir='ltr'><strong>nascitur,</strong></span> <span class='ocrx_word' id='word_1_160' title='bbox 675 2111 730 2175; x_wconf 82' lang='lat' dir='ltr'><strong>led</strong></span> <span class='ocrx_word' id='word_1_161' title='bbox 754 2109 893 2206; x_wconf 76' lang='lat' dir='ltr'><strong>aliquod</strong></span> <span class='ocrx_word' id='word_1_162' title='bbox 914 2107 1152 2195; x_wconf 83' lang='lat' dir='ltr'><strong>corrigendum</strong></span> 
     </span>
     <span class='ocr_line' id='line_1_22' title="bbox 39 2187 1152 2278; baseline 0.005 -28"><span class='ocrx_word' id='word_1_163' title='bbox 39 2187 152 2252; x_wconf 84' lang='lat' dir='ltr'><strong>drvtna</strong></span> <span class='ocrx_word' id='word_1_164' title='bbox 173 2187 297 2266; x_wconf 84' lang='lat' dir='ltr'><strong>juiiitia</strong></span> <span class='ocrx_word' id='word_1_165' title='bbox 319 2205 354 2256; x_wconf 85' lang='lat' dir='ltr'><strong>at</strong></span> <span class='ocrx_word' id='word_1_166' title='bbox 375 2195 603 2261; x_wconf 80' lang='lat' dir='ltr'><strong>revocandum</strong></span> <span class='ocrx_word' id='word_1_167' title='bbox 628 2191 744 2258; x_wconf 88' lang='lat' dir='ltr'><strong>divina</strong></span> <span class='ocrx_word' id='word_1_168' title='bbox 765 2191 1014 2268; x_wconf 76' lang='lat' dir='ltr'><strong>misericordia,</strong></span> <span class='ocrx_word' id='word_1_169' title='bbox 1036 2193 1152 2278; x_wconf 77' lang='lat' dir='ltr'><strong>ficor-</strong></span> 
     </span>
     <span class='ocr_line' id='line_1_23' title="bbox 40 2269 1153 2353; baseline 0.007 -23"><span class='ocrx_word' id='word_1_170' title='bbox 40 2269 243 2338; x_wconf 84' lang='lat' dir='ltr'><strong>rectionibua</strong></span> <span class='ocrx_word' id='word_1_171' title='bbox 273 2271 339 2339; x_wconf 82' lang='lat' dir='ltr'><strong>luit</strong></span> <span class='ocrx_word' id='word_1_172' title='bbox 372 2289 406 2337; x_wconf 91' lang='lat' dir='ltr'><strong>et</strong></span> <span class='ocrx_word' id='word_1_173' title='bbox 429 2275 725 2353; x_wconf 74' lang='lat' dir='ltr'><strong>emendationibus</strong></span> <span class='ocrx_word' id='word_1_174' title='bbox 746 2275 871 2340; x_wconf 90' lang='lat' dir='ltr'><strong>liberae</strong></span> <span class='ocrx_word' id='word_1_175' title='bbox 893 2273 1081 2340; x_wconf 74' lang='lat' dir='ltr'><strong>voluntatis</strong></span> <span class='ocrx_word' id='word_1_176' title='bbox 1105 2297 1153 2339; x_wconf 88' lang='lat' dir='ltr'><strong>ar·</strong></span> 
     </span>
     <span class='ocr_line' id='line_1_24' title="bbox 40 2348 1152 2444; baseline 0.007 -30"><span class='ocrx_word' id='word_1_177' title='bbox 40 2348 174 2418; x_wconf 89' lang='lat' dir='ltr'><strong>bitrium</strong></span> <span class='ocrx_word' id='word_1_178' title='bbox 209 2353 312 2422; x_wconf 86' lang='lat' dir='ltr'><strong>iuerit</strong></span> <span class='ocrx_word' id='word_1_179' title='bbox 334 2357 516 2434; x_wconf 84' lang='lat' dir='ltr'><strong>obediena;</strong></span> <span class='ocrx_word' id='word_1_180' title='bbox 550 2359 597 2424; x_wconf 86' lang='lat' dir='ltr'><strong>fin</strong></span> <span class='ocrx_word' id='word_1_181' title='bbox 619 2380 699 2425; x_wconf 85' lang='lat' dir='ltr'><strong>vero</strong></span> <span class='ocrx_word' id='word_1_182' title='bbox 720 2375 904 2426; x_wconf 81' lang='lat' dir='ltr'><strong>contumax</strong></span> <span class='ocrx_word' id='word_1_183' title='bbox 927 2356 1081 2444; x_wconf 84' lang='lat' dir='ltr'><strong>superbia</strong></span> <span class='ocrx_word' id='word_1_184' title='bbox 1102 2355 1152 2422; x_wconf 88' lang='lat' dir='ltr'><strong>in·</strong></span> 
     </span>
     <span class='ocr_line' id='line_1_25' title="bbox 41 2434 1151 2530; baseline 0.007 -32"><span class='ocrx_word' id='word_1_185' title='bbox 41 2434 151 2504; x_wconf 86' lang='lat' dir='ltr'><strong>ilatum</strong></span> <span class='ocrx_word' id='word_1_186' title='bbox 172 2437 209 2502; x_wconf 92' lang='lat' dir='ltr'><strong>in</strong></span> <span class='ocrx_word' id='word_1_187' title='bbox 231 2437 299 2504; x_wconf 87' lang='lat' dir='ltr'><strong>luia</strong></span> <span class='ocrx_word' id='word_1_188' title='bbox 321 2442 480 2524; x_wconf 78' lang='lat' dir='ltr'><strong>perversu</strong></span> <span class='ocrx_word' id='word_1_189' title='bbox 502 2442 651 2507; x_wconf 72' lang='lat' dir='ltr'><strong>motibus</strong></span> <span class='ocrx_word' id='word_1_190' title='bbox 675 2443 885 2530; x_wconf 82' lang='lat' dir='ltr'><strong>perseverare</strong></span> <span class='ocrx_word' id='word_1_191' title='bbox 902 2439 1068 2516; x_wconf 81' lang='lat' dir='ltr'><strong>voluerit,</strong></span> <span class='ocrx_word' id='word_1_192' title='bbox 1090 2441 1151 2506; x_wconf 89' lang='lat' dir='ltr'><strong>im·</strong></span> 
     </span>
     <span class='ocr_line' id='line_1_26' title="bbox 38 2521 1225 2614; baseline 0.005 -34"><span class='ocrx_word' id='word_1_193' title='bbox 38 2524 131 2614; x_wconf 72' lang='lat' dir='ltr'><strong>petua</strong></span> <span class='ocrx_word' id='word_1_194' title='bbox 154 2525 226 2599; x_wconf 81' lang='lat' dir='ltr'><strong>eiua</strong></span> <span class='ocrx_word' id='word_1_195' title='bbox 246 2521 446 2588; x_wconf 84' lang='lat' dir='ltr'><strong>libidiuoiua</strong></span> <span class='ocrx_word' id='word_1_196' title='bbox 467 2524 690 2599; x_wconf 87' lang='lat' dir='ltr'><strong>retinebitur,</strong></span> <span class='ocrx_word' id='word_1_197' title='bbox 719 2547 774 2598; x_wconf 89' lang='lat' dir='ltr'><strong>ne,</strong></span> <span class='ocrx_word' id='word_1_198' title='bbox 798 2527 890 2609; x_wconf 90' lang='lat' dir='ltr'><strong>quod</strong></span> <span class='ocrx_word' id='word_1_199' title='bbox 911 2523 1031 2600; x_wconf 84' lang='lat' dir='ltr'><strong>illicite</strong></span> <span class='ocrx_word' id='word_1_200' title='bbox 1054 2546 1153 2610; x_wconf 88' lang='lat' dir='ltr'><strong>appe·</strong></span> <span class='ocrx_word' id='word_1_201' title='bbox 1223 2581 1225 2586; x_wconf 91' lang='lat'><em>.</em></span> 
     </span>
     <span class='ocr_line' id='line_1_27' title="bbox 44 2605 1153 2692; baseline 0.006 -27"><span class='ocrx_word' id='word_1_202' title='bbox 44 2616 103 2680; x_wconf 87' lang='lat' dir='ltr'><strong>ut,</strong></span> <span class='ocrx_word' id='word_1_203' title='bbox 125 2607 365 2690; x_wconf 83' lang='lat' dir='ltr'><strong>apprehendat.</strong></span> <span class='ocrx_word' id='word_1_204' title='bbox 416 2609 462 2670; x_wconf 84' lang='lat' dir='ltr'><strong>Et</strong></span> <span class='ocrx_word' id='word_1_205' title='bbox 481 2611 547 2672; x_wconf 87' lang='lat' dir='ltr'><strong>boc</strong></span> <span class='ocrx_word' id='word_1_206' title='bbox 570 2608 613 2672; x_wconf 84' lang='lat' dir='ltr'><strong>eil</strong></span> <span class='ocrx_word' id='word_1_207' title='bbox 637 2623 746 2673; x_wconf 88' lang='lat' dir='ltr'><strong>totum</strong></span> <span class='ocrx_word' id='word_1_208' title='bbox 769 2610 861 2692; x_wconf 90' lang='lat' dir='ltr'><strong>quod</strong></span> <span class='ocrx_word' id='word_1_209' title='bbox 884 2605 1009 2670; x_wconf 87' lang='lat' dir='ltr'><strong>dicitur</strong></span> <span class='ocrx_word' id='word_1_210' title='bbox 1028 2607 1153 2672; x_wconf 85' lang='lat' dir='ltr'><strong>liberae</strong></span> 
     </span>
     <span class='ocr_line' id='line_1_28' title="bbox 43 2687 1151 2776; baseline 0.008 -31"><span class='ocrx_word' id='word_1_211' title='bbox 43 2697 73 2746; x_wconf 91' lang='lat' dir='ltr'><strong>et</strong></span> <span class='ocrx_word' id='word_1_212' title='bbox 100 2688 273 2773; x_wconf 80' lang='lat' dir='ltr'><strong>perreriae</strong></span> <span class='ocrx_word' id='word_1_213' title='bbox 305 2687 491 2754; x_wconf 86' lang='lat' dir='ltr'><strong>voluntatia</strong></span> <span class='ocrx_word' id='word_1_214' title='bbox 521 2689 743 2776; x_wconf 84' lang='lat' dir='ltr'><strong>supplicium3</strong></span> <span class='ocrx_word' id='word_1_215' title='bbox 780 2695 846 2754; x_wconf 90' lang='lat' dir='ltr'><strong>boc</strong></span> <span class='ocrx_word' id='word_1_216' title='bbox 876 2688 920 2754; x_wconf 90' lang='lat' dir='ltr'><strong>eii</strong></span> <span class='ocrx_word' id='word_1_217' title='bbox 951 2691 991 2752; x_wconf 90' lang='lat' dir='ltr'><strong>ab</strong></span> <span class='ocrx_word' id='word_1_218' title='bbox 1022 2687 1151 2754; x_wconf 72' lang='lat' dir='ltr'><strong>illicitis</strong></span> 
     </span>
     <span class='ocr_line' id='line_1_29' title="bbox 44 2765 1151 2858; baseline 0 -26"><span class='ocrx_word' id='word_1_219' title='bbox 44 2765 102 2832; x_wconf 82' lang='lat' dir='ltr'><strong>ittia</strong></span> <span class='ocrx_word' id='word_1_220' title='bbox 124 2770 273 2836; x_wconf 71' lang='lat' dir='ltr'><strong>motibus</strong></span> <span class='ocrx_word' id='word_1_221' title='bbox 295 2771 487 2858; x_wconf 86' lang='lat' dir='ltr'><strong>prohiberi,</strong></span> <span class='ocrx_word' id='word_1_222' title='bbox 512 2795 556 2836; x_wconf 86' lang='lat' dir='ltr'><strong>ne</strong></span> <span class='ocrx_word' id='word_1_223' title='bbox 579 2777 620 2838; x_wconf 89' lang='lat' dir='ltr'><strong>ad</strong></span> <span class='ocrx_word' id='word_1_224' title='bbox 642 2773 745 2838; x_wconf 84' lang='lat' dir='ltr'><strong>finem</strong></span> <span class='ocrx_word' id='word_1_225' title='bbox 768 2774 845 2836; x_wconf 85' lang='lat' dir='ltr'><strong>luae</strong></span> <span class='ocrx_word' id='word_1_226' title='bbox 866 2793 907 2836; x_wconf 89' lang='lat' dir='ltr'><strong>cu</strong></span> <span class='ocrx_word' id='word_1_227' title='bbox 935 2770 1062 2836; x_wconf 82' lang='lat' dir='ltr'><strong>iditatia</strong></span> <span class='ocrx_word' id='word_1_228' title='bbox 1079 2771 1151 2856; x_wconf 83' lang='lat' dir='ltr'><strong>poi·</strong></span> 
     </span>
     <span class='ocr_line' id='line_1_30' title="bbox 42 2795 1152 2939; baseline 0.002 -25"><span class='ocrx_word' id='word_1_229' title='bbox 42 2848 77 2914; x_wconf 82' lang='lat' dir='ltr'><strong>fit</strong></span> <span class='ocrx_word' id='word_1_230' title='bbox 104 2854 290 2939; x_wconf 86' lang='lat' dir='ltr'><strong>pervenire.</strong></span> <span class='ocrx_word' id='word_1_231' title='bbox 335 2857 411 2919; x_wconf 88' lang='lat' dir='ltr'><strong>Hoc</strong></span> <span class='ocrx_word' id='word_1_232' title='bbox 442 2870 554 2918; x_wconf 86' lang='lat' dir='ltr'><strong>autem</strong></span> <span class='ocrx_word' id='word_1_233' title='bbox 588 2855 685 2929; x_wconf 90' lang='lat' dir='ltr'><strong>dico,</strong></span> <span class='ocrx_word' id='word_1_234' title='bbox 724 2795 978 2926; x_wconf 75' lang='lat' dir='ltr'><strong>debeatisiinri</strong></span> <span class='ocrx_word' id='word_1_235' title='bbox 1000 2853 1152 2936; x_wconf 89' lang='lat' dir='ltr'><strong>Dionyfii</strong></span> 
     </span>
     <span class='ocr_line' id='line_1_31' title="bbox 17 2935 1150 3027; baseline 0.006 -32"><span class='ocrx_word' id='word_1_236' title='bbox 17 2984 21 2995; x_wconf 71' lang='grc'>,</span> <span class='ocrx_word' id='word_1_237' title='bbox 41 2935 254 3027; x_wconf 75' lang='lat' dir='ltr'><strong>Areopagitae</strong></span> <span class='ocrx_word' id='word_1_238' title='bbox 277 2937 469 3003; x_wconf 87' lang='lat' dir='ltr'><strong>auctoritati</strong></span> <span class='ocrx_word' id='word_1_239' title='bbox 491 2937 632 3002; x_wconf 76' lang='lat' dir='ltr'><strong>resistere</strong></span> <span class='ocrx_word' id='word_1_240' title='bbox 653 2937 789 3012; x_wconf 81' lang='lat' dir='ltr'><strong>videar,</strong></span> <span class='ocrx_word' id='word_1_241' title='bbox 813 2937 872 3023; x_wconf 91' lang='lat' dir='ltr'><strong>qui</strong></span> <span class='ocrx_word' id='word_1_242' title='bbox 895 2955 965 3000; x_wconf 89' lang='lat' dir='ltr'><strong>non</strong></span> <span class='ocrx_word' id='word_1_243' title='bbox 988 2937 1094 3008; x_wconf 78' lang='lat' dir='ltr'><strong>[olum</strong></span> <span class='ocrx_word' id='word_1_244' title='bbox 1112 2936 1150 3002; x_wconf 89' lang='lat' dir='ltr'><strong>iu</strong></span> 
     </span>
     <span class='ocr_line' id='line_1_32' title="bbox 43 3016 1151 3106; baseline 0.004 -26"><span class='ocrx_word' id='word_1_245' title='bbox 43 3016 147 3106; x_wconf 85' lang='lat' dir='ltr'><strong>aliqua</strong></span> <span class='ocrx_word' id='word_1_246' title='bbox 170 3038 291 3088; x_wconf 85' lang='lat' dir='ltr'><strong>natura</strong></span> <span class='ocrx_word' id='word_1_247' title='bbox 312 3022 369 3086; x_wconf 89' lang='lat' dir='ltr'><strong>ieu</strong></span> <span class='ocrx_word' id='word_1_248' title='bbox 392 3021 567 3086; x_wconf 85' lang='lat' dir='ltr'><strong>iubilantia</strong></span> <span class='ocrx_word' id='word_1_249' title='bbox 609 3043 741 3096; x_wconf 66' lang='lat' dir='ltr'><strong>,vuum</strong></span> <span class='ocrx_word' id='word_1_250' title='bbox 757 3019 874 3084; x_wconf 88' lang='lat' dir='ltr'><strong>etiam.</strong></span> <span class='ocrx_word' id='word_1_251' title='bbox 891 3019 926 3082; x_wconf 90' lang='lat' dir='ltr'><strong>in</strong></span> <span class='ocrx_word' id='word_1_252' title='bbox 949 3019 1051 3083; x_wconf 87' lang='lat' dir='ltr'><strong>nullia</strong></span> <span class='ocrx_word' id='word_1_253' title='bbox 1073 3019 1151 3084; x_wconf 89' lang='lat' dir='ltr'><strong>irra-</strong></span> 
     </span>
     <span class='ocr_line' id='line_1_33' title="bbox 44 3099 1150 3184; baseline 0.001 -19"><span class='ocrx_word' id='word_1_254' title='bbox 44 3099 256 3174; x_wconf 75' lang='lat' dir='ltr'><strong>tionabilibur</strong></span> <span class='ocrx_word' id='word_1_255' title='bbox 279 3104 488 3170; x_wconf 88' lang='lat' dir='ltr'><strong>rationabilia</strong></span> <span class='ocrx_word' id='word_1_256' title='bbox 511 3121 649 3180; x_wconf 82' lang='lat' dir='ltr'><strong>uaturae</strong></span> <span class='ocrx_word' id='word_1_257' title='bbox 670 3103 847 3168; x_wconf 78' lang='lat' dir='ltr'><strong>affectibus</strong></span> <span class='ocrx_word' id='word_1_258' title='bbox 865 3105 990 3168; x_wconf 89' lang='lat' dir='ltr'><strong>malum</strong></span> <span class='ocrx_word' id='word_1_259' title='bbox 1008 3101 1084 3166; x_wconf 86' lang='lat' dir='ltr'><strong>finit</strong></span> <span class='ocrx_word' id='word_1_260' title='bbox 1096 3102 1150 3184; x_wconf 70' lang='lat' dir='ltr'><strong>‚in-</strong></span> 
     </span>
     <span class='ocr_line' id='line_1_34' title="bbox 43 3184 1151 3275; baseline 0.005 -29"><span class='ocrx_word' id='word_1_261' title='bbox 43 3187 166 3266; x_wconf 82' lang='lat' dir='ltr'><strong>veniri,</strong></span> <span class='ocrx_word' id='word_1_262' title='bbox 201 3189 260 3253; x_wconf 89' lang='lat' dir='ltr'><strong>ieu</strong></span> <span class='ocrx_word' id='word_1_263' title='bbox 293 3189 403 3275; x_wconf 84' lang='lat' dir='ltr'><strong>aliqua</strong></span> <span class='ocrx_word' id='word_1_264' title='bbox 429 3189 559 3252; x_wconf 79' lang='lat' dir='ltr'><strong>ratione</strong></span> <span class='ocrx_word' id='word_1_265' title='bbox 580 3188 733 3254; x_wconf 87' lang='lat' dir='ltr'><strong>concedi.</strong></span> <span class='ocrx_word' id='word_1_266' title='bbox 779 3187 917 3253; x_wconf 86' lang='lat' dir='ltr'><strong>Nullum</strong></span> <span class='ocrx_word' id='word_1_267' title='bbox 941 3184 1031 3250; x_wconf 88' lang='lat' dir='ltr'><strong>enim</strong></span> <span class='ocrx_word' id='word_1_268' title='bbox 1052 3185 1151 3252; x_wconf 89' lang='lat' dir='ltr'><strong>ratio·</strong></span> 
     </span>
     <span class='ocr_line' id='line_1_35' title="bbox 43 3267 1149 3357; baseline 0.004 -25"><span class='ocrx_word' id='word_1_269' title='bbox 43 3271 157 3338; x_wconf 86' lang='lat' dir='ltr'><strong>utbilie</strong></span> <span class='ocrx_word' id='word_1_270' title='bbox 188 3289 361 3338; x_wconf 87' lang='lat' dir='ltr'><strong>creaturae</strong></span> <span class='ocrx_word' id='word_1_271' title='bbox 384 3271 506 3336; x_wconf 81' lang='lat' dir='ltr'><strong>vitium</strong></span> <span class='ocrx_word' id='word_1_272' title='bbox 529 3271 589 3346; x_wconf 81' lang='lat' dir='ltr'><strong>eil,</strong></span> <span class='ocrx_word' id='word_1_273' title='bbox 622 3273 713 3357; x_wconf 89' lang='lat' dir='ltr'><strong>quod</strong></span> <span class='ocrx_word' id='word_1_274' title='bbox 735 3291 806 3335; x_wconf 86' lang='lat' dir='ltr'><strong>uon</strong></span> <span class='ocrx_word' id='word_1_275' title='bbox 829 3269 863 3334; x_wconf 89' lang='lat' dir='ltr'><strong>iu</strong></span> <span class='ocrx_word' id='word_1_276' title='bbox 888 3267 998 3354; x_wconf 72' lang='lat' dir='ltr'><strong>aliqua</strong></span> <span class='ocrx_word' id='word_1_277' title='bbox 1020 3268 1149 3336; x_wconf 87' lang='lat' dir='ltr'><strong>irratio·</strong></span> 
     </span>
     <span class='ocr_line' id='line_1_36' title="bbox 43 3351 1149 3440; baseline 0.003 -25"><span class='ocrx_word' id='word_1_278' title='bbox 43 3355 140 3419; x_wconf 84' lang='lat' dir='ltr'><strong>nubili</strong></span> <span class='ocrx_word' id='word_1_279' title='bbox 168 3359 299 3422; x_wconf 87' lang='lat' dir='ltr'><strong>bonum</strong></span> <span class='ocrx_word' id='word_1_280' title='bbox 322 3357 381 3429; x_wconf 87' lang='lat' dir='ltr'><strong>iit,</strong></span> <span class='ocrx_word' id='word_1_281' title='bbox 417 3355 562 3440; x_wconf 86' lang='lat' dir='ltr'><strong>ideoque</strong></span> <span class='ocrx_word' id='word_1_282' title='bbox 585 3357 675 3440; x_wconf 87' lang='lat' dir='ltr'><strong>quod</strong></span> <span class='ocrx_word' id='word_1_283' title='bbox 697 3354 823 3439; x_wconf 89' lang='lat' dir='ltr'><strong>ubique</strong></span> <span class='ocrx_word' id='word_1_284' title='bbox 846 3351 1055 3440; x_wconf 82' lang='lat' dir='ltr'><strong>prohibitum</strong></span> <span class='ocrx_word' id='word_1_285' title='bbox 1078 3375 1149 3418; x_wconf 89' lang='lat' dir='ltr'><strong>non</strong></span> 
     </span>
     <span class='ocr_line' id='line_1_37' title="bbox 43 3431 1151 3524; baseline 0.004 -28"><span class='ocrx_word' id='word_1_286' title='bbox 43 3431 228 3516; x_wconf 85' lang='lat' dir='ltr'><strong>iuvenitur,</strong></span> <span class='ocrx_word' id='word_1_287' title='bbox 261 3441 317 3504; x_wconf 87' lang='lat' dir='ltr'><strong>ied</strong></span> <span class='ocrx_word' id='word_1_288' title='bbox 346 3439 383 3504; x_wconf 88' lang='lat' dir='ltr'><strong>in</strong></span> <span class='ocrx_word' id='word_1_289' title='bbox 416 3439 529 3524; x_wconf 92' lang='lat' dir='ltr'><strong>aliquo</strong></span> <span class='ocrx_word' id='word_1_290' title='bbox 563 3437 599 3502; x_wconf 88' lang='lat' dir='ltr'><strong>in</strong></span> <span class='ocrx_word' id='word_1_291' title='bbox 631 3458 672 3504; x_wconf 88' lang='lat' dir='ltr'><strong>eo</strong></span> <span class='ocrx_word' id='word_1_292' title='bbox 704 3433 740 3500; x_wconf 89' lang='lat' dir='ltr'><strong>in</strong></span> <span class='ocrx_word' id='word_1_293' title='bbox 772 3456 840 3522; x_wconf 90' lang='lat' dir='ltr'><strong>quo</strong></span> <span class='ocrx_word' id='word_1_294' title='bbox 863 3435 1060 3522; x_wconf 81' lang='lat' dir='ltr'><strong>prohibetur</strong></span> <span class='ocrx_word' id='word_1_295' title='bbox 1080 3457 1151 3500; x_wconf 90' lang='lat' dir='ltr'><strong>non</strong></span> 
     </span>
     <span class='ocr_line' id='line_1_38' title="bbox 44 3518 1149 3665; baseline 0.001 -82"><span class='ocrx_word' id='word_1_296' title='bbox 44 3525 180 3600; x_wconf 84' lang='lat' dir='ltr'><strong>malurn,</strong></span> <span class='ocrx_word' id='word_1_297' title='bbox 206 3523 262 3588; x_wconf 87' lang='lat' dir='ltr'><strong>led</strong></span> <span class='ocrx_word' id='word_1_298' title='bbox 283 3522 443 3588; x_wconf 86' lang='lat' dir='ltr'><strong>illicitum</strong></span> <span class='ocrx_word' id='word_1_299' title='bbox 465 3520 579 3586; x_wconf 88' lang='lat' dir='ltr'><strong>vocari</strong></span> <span class='ocrx_word' id='word_1_300' title='bbox 602 3535 745 3665; x_wconf 77' lang='lat' dir='ltr'><strong>oportet.</strong></span> <span class='ocrx_word' id='word_1_301' title='bbox 777 3523 821 3584; x_wconf 83' lang='lat' dir='ltr'><strong>Et</strong></span> <span class='ocrx_word' id='word_1_302' title='bbox 844 3535 881 3582; x_wconf 91' lang='lat' dir='ltr'><strong>ut</strong></span> <span class='ocrx_word' id='word_1_303' title='bbox 904 3521 945 3584; x_wconf 90' lang='lat' dir='ltr'><strong>dc</strong></span> <span class='ocrx_word' id='word_1_304' title='bbox 967 3521 1031 3584; x_wconf 90' lang='lat' dir='ltr'><strong>hac</strong></span> <span class='ocrx_word' id='word_1_305' title='bbox 1051 3518 1149 3584; x_wconf 89' lang='lat' dir='ltr'><strong>ratio·</strong></span> 
     </span>
    </p>
   </div>
   <div class='ocr_carea' id='block_1_7' title="bbox 45 3600 1283 3691">
    <p class='ocr_par' dir='ltr' id='par_1_7' title="bbox 45 3600 1283 3691">
     <span class='ocr_line' id='line_1_39' title="bbox 45 3600 1283 3691; baseline 0 -25"><span class='ocrx_word' id='word_1_306' title='bbox 45 3623 85 3668; x_wconf 90' lang='lat' dir='ltr'><strong>ne</strong></span> <span class='ocrx_word' id='word_1_307' title='bbox 105 3629 212 3691; x_wconf 88' lang='lat' dir='ltr'><strong>pauca</strong></span> <span class='ocrx_word' id='word_1_308' title='bbox 234 3607 489 3676; x_wconf 76' lang='lat' dir='ltr'><strong>introducamur</strong></span> <span class='ocrx_word' id='word_1_309' title='bbox 512 3625 628 3690; x_wconf 86' lang='lat' dir='ltr'><strong>exemp</strong></span> <span class='ocrx_word' id='word_1_310' title='bbox 644 3627 673 3678; x_wconf 86' lang='lat' dir='ltr'><strong>a,</strong></span> <span class='ocrx_word' id='word_1_311' title='bbox 697 3600 848 3688; x_wconf 80' lang='lat' dir='ltr'><strong>superbia</strong></span> <span class='ocrx_word' id='word_1_312' title='bbox 874 3605 927 3675; x_wconf 87' lang='lat' dir='ltr'><strong>(ut</strong></span> <span class='ocrx_word' id='word_1_313' title='bbox 947 3601 994 3671; x_wconf 90' lang='lat' dir='ltr'><strong>ait</strong></span> <span class='ocrx_word' id='word_1_314' title='bbox 1010 3605 1048 3668; x_wconf 91' lang='lat' dir='ltr'><strong>B.</strong></span> <span class='ocrx_word' id='word_1_315' title='bbox 1068 3602 1148 3666; x_wconf 91' lang='lat' dir='ltr'><strong>Dio·</strong></span> <span class='ocrx_word' id='word_1_316' title='bbox 1281 3635 1283 3643; x_wconf 94' lang='lat'>·</span> 
     </span>
    </p>
   </div>
   <div class='ocr_carea' id='block_1_8' title="bbox 43 3685 1149 4280">
    <p class='ocr_par' dir='ltr' id='par_1_8' title="bbox 43 3685 1149 4280">
     <span class='ocr_line' id='line_1_40' title="bbox 46 3685 1149 3789; baseline -0.001 -39"><span class='ocrx_word' id='word_1_317' title='bbox 46 3689 150 3768; x_wconf 82' lang='lat' dir='ltr'><strong>nybua</strong></span> <span class='ocrx_word' id='word_1_318' title='bbox 179 3689 431 3789; x_wconf 73' lang='lat' dir='ltr'><strong>Gregoriutqua</strong></span> <span class='ocrx_word' id='word_1_319' title='bbox 460 3689 677 3773; x_wconf 74' lang='lat' dir='ltr'><strong>Theologual.</strong></span> <span class='ocrx_word' id='word_1_320' title='bbox 701 3686 738 3750; x_wconf 88' lang='lat' dir='ltr'><strong>in</strong></span> <span class='ocrx_word' id='word_1_321' title='bbox 760 3705 847 3772; x_wconf 88' lang='lat' dir='ltr'><strong>equo</strong></span> <span class='ocrx_word' id='word_1_322' title='bbox 869 3687 998 3750; x_wconf 87' lang='lat' dir='ltr'><strong>bonum</strong></span> <span class='ocrx_word' id='word_1_323' title='bbox 1020 3686 1080 3762; x_wconf 88' lang='lat' dir='ltr'><strong>ell,</strong></span> <span class='ocrx_word' id='word_1_324' title='bbox 1112 3685 1149 3762; x_wconf 76' lang='lat' dir='ltr'><strong>in</strong></span> 
     </span>
     <span class='ocr_line' id='line_1_41' title="bbox 45 3767 1148 3842; baseline -0.002 -8"><span class='ocrx_word' id='word_1_325' title='bbox 45 3770 177 3840; x_wconf 86' lang='lat' dir='ltr'><strong>bomine</strong></span> <span class='ocrx_word' id='word_1_326' title='bbox 194 3795 276 3842; x_wconf 83' lang='lat' dir='ltr'><strong>vero</strong></span> <span class='ocrx_word' id='word_1_327' title='bbox 298 3772 456 3842; x_wconf 73' lang='lat' dir='ltr'><strong>illicitum</strong></span> <span class='ocrx_word' id='word_1_328' title='bbox 478 3785 513 3838; x_wconf 85' lang='lat' dir='ltr'><strong>ct</strong></span> <span class='ocrx_word' id='word_1_329' title='bbox 533 3767 790 3838; x_wconf 81' lang='lat' dir='ltr'><strong>iuconvcuient.</strong></span> <span class='ocrx_word' id='word_1_330' title='bbox 822 3767 1003 3838; x_wconf 58' lang='lat' dir='ltr'><strong>tremelus</strong></span> <span class='ocrx_word' id='word_1_331' title='bbox 1024 3768 1061 3835; x_wconf 91' lang='lat' dir='ltr'><strong>in</strong></span> <span class='ocrx_word' id='word_1_332' title='bbox 1080 3770 1148 3833; x_wconf 81' lang='lat' dir='ltr'><strong>leo·</strong></span> 
     </span>
     <span class='ocr_line' id='line_1_42' title="bbox 43 3850 1149 3942; baseline -0.005 -22"><span class='ocrx_word' id='word_1_333' title='bbox 43 3875 83 3920; x_wconf 84' lang='lat' dir='ltr'><strong>ne</strong></span> <span class='ocrx_word' id='word_1_334' title='bbox 113 3859 244 3930; x_wconf 86' lang='lat' dir='ltr'><strong>bonum</strong></span> <span class='ocrx_word' id='word_1_335' title='bbox 275 3857 346 3931; x_wconf 81' lang='lat' dir='ltr'><strong>cil,</strong></span> <span class='ocrx_word' id='word_1_336' title='bbox 387 3871 421 3920; x_wconf 89' lang='lat' dir='ltr'><strong>ct</strong></span> <span class='ocrx_word' id='word_1_337' title='bbox 450 3855 519 3922; x_wconf 84' lang='lat' dir='ltr'><strong>line</strong></span> <span class='ocrx_word' id='word_1_338' title='bbox 550 3875 616 3942; x_wconf 84' lang='lat' dir='ltr'><strong>qua</strong></span> <span class='ocrx_word' id='word_1_339' title='bbox 636 3856 690 3918; x_wconf 91' lang='lat' dir='ltr'><strong>leo</strong></span> <span class='ocrx_word' id='word_1_340' title='bbox 713 3850 781 3919; x_wconf 89' lang='lat' dir='ltr'><strong>dici</strong></span> <span class='ocrx_word' id='word_1_341' title='bbox 802 3873 873 3918; x_wconf 88' lang='lat' dir='ltr'><strong>non</strong></span> <span class='ocrx_word' id='word_1_342' title='bbox 898 3851 1024 3937; x_wconf 86' lang='lat' dir='ltr'><strong>poteii,</strong></span> <span class='ocrx_word' id='word_1_343' title='bbox 1056 3851 1149 3924; x_wconf 78' lang='lat' dir='ltr'><strong>mitia</strong></span> 
     </span>
     <span class='ocr_line' id='line_1_43' title="bbox 48 3933 1148 4034; baseline -0.002 -34"><span class='ocrx_word' id='word_1_344' title='bbox 48 3937 132 4008; x_wconf 88' lang='lat' dir='ltr'><strong>coito</strong></span> <span class='ocrx_word' id='word_1_345' title='bbox 151 3943 207 4010; x_wconf 84' lang='lat' dir='ltr'><strong>leo</strong></span> <span class='ocrx_word' id='word_1_346' title='bbox 229 3961 299 4010; x_wconf 84' lang='lat' dir='ltr'><strong>nun</strong></span> <span class='ocrx_word' id='word_1_347' title='bbox 323 3939 391 4015; x_wconf 78' lang='lat' dir='ltr'><strong>ett,</strong></span> <span class='ocrx_word' id='word_1_348' title='bbox 413 3940 544 4026; x_wconf 89' lang='lat' dir='ltr'><strong>perdita</strong></span> <span class='ocrx_word' id='word_1_349' title='bbox 567 3935 727 4034; x_wconf 78' lang='lat' dir='ltr'><strong>qualitate</strong></span> <span class='ocrx_word' id='word_1_350' title='bbox 747 3933 913 4002; x_wconf 79' lang='lat' dir='ltr'><strong>naturalia</strong></span> <span class='ocrx_word' id='word_1_351' title='bbox 945 3934 1014 4022; x_wconf 88' lang='lat' dir='ltr'><strong>ipla</strong></span> <span class='ocrx_word' id='word_1_352' title='bbox 1037 3951 1148 3998; x_wconf 88' lang='lat' dir='ltr'><strong>autem</strong></span> 
     </span>
     <span class='ocr_line' id='line_1_44' title="bbox 47 4017 1147 4100; baseline -0.01 -9"><span class='ocrx_word' id='word_1_353' title='bbox 47 4019 196 4094; x_wconf 81' lang='lat' dir='ltr'><strong>itrocitaa</strong></span> <span class='ocrx_word' id='word_1_354' title='bbox 228 4025 266 4090; x_wconf 88' lang='lat' dir='ltr'><strong>in</strong></span> <span class='ocrx_word' id='word_1_355' title='bbox 285 4040 408 4094; x_wconf 83' lang='lat' dir='ltr'><strong>natura</strong></span> <span class='ocrx_word' id='word_1_356' title='bbox 427 4020 620 4100; x_wconf 72' lang='lat' dir='ltr'><strong>rationabili</strong></span> <span class='ocrx_word' id='word_1_357' title='bbox 642 4017 764 4086; x_wconf 85' lang='lat' dir='ltr'><strong>vitium</strong></span> <span class='ocrx_word' id='word_1_358' title='bbox 786 4019 830 4084; x_wconf 82' lang='lat' dir='ltr'><strong>eil</strong></span> <span class='ocrx_word' id='word_1_359' title='bbox 853 4035 888 4082; x_wconf 87' lang='lat' dir='ltr'><strong>et</strong></span> <span class='ocrx_word' id='word_1_360' title='bbox 909 4017 1147 4088; x_wconf 78' lang='lat' dir='ltr'><strong>inconcellum.</strong></span> 
     </span>
     <span class='ocr_line' id='line_1_45' title="bbox 44 4099 1149 4196; baseline -0.014 -19"><span class='ocrx_word' id='word_1_361' title='bbox 44 4103 210 4192; x_wconf 67' lang='lat' dir='ltr'><strong>spurcitia</strong></span> <span class='ocrx_word' id='word_1_362' title='bbox 235 4129 418 4195; x_wconf 69' lang='lat' dir='ltr'><strong>percum</strong></span> <span class='ocrx_word' id='word_1_363' title='bbox 445 4103 491 4174; x_wconf 73' lang='lat' dir='ltr'><strong>eii</strong></span> <span class='ocrx_word' id='word_1_364' title='bbox 523 4101 720 4192; x_wconf 80' lang='lat' dir='ltr'><strong>proprium.</strong></span> <span class='ocrx_word' id='word_1_365' title='bbox 752 4103 789 4172; x_wconf 83' lang='lat' dir='ltr'><strong>itt</strong></span> <span class='ocrx_word' id='word_1_366' title='bbox 818 4102 959 4169; x_wconf 84' lang='lat' dir='ltr'><strong>homine</strong></span> <span class='ocrx_word' id='word_1_367' title='bbox 980 4099 1149 4196; x_wconf 62' lang='lat' dir='ltr'><strong>alierrunp,</strong></span> 
     </span>
     <span class='ocr_line' id='line_1_46' title="bbox 48 4185 1149 4280; baseline -0.015 -15"><span class='ocrx_word' id='word_1_368' title='bbox 48 4201 78 4252; x_wconf 59' lang='grc' dir='ltr'><strong>θ*</strong></span> <span class='ocrx_word' id='word_1_369' title='bbox 111 4190 247 4268; x_wconf 76' lang='lat' dir='ltr'><strong>ouilia,</strong></span> <span class='ocrx_word' id='word_1_370' title='bbox 279 4214 365 4280; x_wconf 73' lang='lat' dir='ltr'><strong>quaa</strong></span> <span class='ocrx_word' id='word_1_371' title='bbox 392 4194 478 4260; x_wconf 71' lang='lat' dir='ltr'><strong>dnm-</strong></span> <span class='ocrx_word' id='word_1_372' title='bbox 494 4185 534 4258; x_wconf 82' lang='lat' dir='ltr'><strong>io</strong></span> <span class='ocrx_word' id='word_1_373' title='bbox 552 4187 664 4254; x_wconf 66' lang='lat' dir='ltr'><strong>bestiis</strong></span> <span class='ocrx_word' id='word_1_374' title='bbox 684 4185 953 4260; x_wconf 83' lang='lat' dir='ltr'><strong>confideruntur,</strong></span> <span class='ocrx_word' id='word_1_375' title='bbox 986 4185 1149 4261; x_wconf 73' lang='lat' dir='ltr'><strong>naturalia</strong></span> 
     </span>
    </p>
   </div>
   <div class='ocr_carea' id='block_1_9' title="bbox 0 0 1446 4820">
    <p class='ocr_par' dir='ltr' id='par_1_9' title="bbox 0 0 1446 4820">
     <span class='ocr_line' id='line_1_47' title="bbox 0 0 1446 4820; baseline 0 2"><span class='ocrx_word' id='word_1_376' title='bbox 0 0 1446 4820; x_wconf 95' lang='lat' dir='ltr'><strong> </strong></span> 
     </span>
    </p>
   </div>
  </div>
 </body>
</html>
