2952 4824
463 239 573 316 wer
588 239 790 322 unauna.
1127 237 1186 314 89

71 428 180 497 atne
200 427 334 506 aare.
364 440 529 516 quantam
548 427 622 515 ipsa
642 425 792 508 dederit,
824 423 948 494 dietari
969 426 1100 502 innuet
1128 425 1186 494 led

69 513 111 578 in
141 516 208 577 hae
238 512 393 578 secunda·
420 509 626 662 quaestione
648 509 794 577 maxime
822 509 1026 576 intentionie
1050 512 1187 578 »nostrae

69 597 479 766 wiltuim?
494 594 1188 765 ssffll'azlll‘liuilldlill‘lllrll

70 784 137 864 per
164 762 402 851 primordiales
433 764 607 828 caularum
628 760 800 837 ellentiae,
833 775 912 826 ante
936 760 1050 826 omnia
1071 765 1112 826 ab
1135 785 1185 840 ee,

70 869 111 911 m
133 867 196 922 ea,
244 867 279 910 er
301 867 373 911 eam
395 845 570 922 conditae,
590 845 629 912 in
650 844 778 910 diversa
798 865 910 909 rerum
929 847 1060 909 Genera
1080 845 1188 912 diver·

72 931 194 1016 [arque
214 871 339 994 formu
360 951 586 1017 numerosque
609 929 646 993 in
667 927 861 992 infinitum
893 943 991 993 etue
1011 927 1142 996 mirerit
1162 929 1188 994 sr
1253 931 1259 954 '

93 1016 241 1078 uaedam
263 1013 300 1076 in
321 1015 389 1078 hoc
408 1014 486 1078 loco
505 1016 548 1078 de
558 1012 672 1078 reditu
686 1027 910 1076 ereaturarum
925 1015 966 1075 ad
979 1009 1189 1098 principium

71 1035 123 1161 ini
153 1097 330 1182 finemque
358 1095 448 1161 dieta
477 1095 621 1168 viderier
652 1094 815 1182 procelllo
846 1116 992 1180 namque
1014 1095 1188 1162 creatura·
1260 1115 1273 1144 ι

63 1201 149 1245 rum
163 1183 433 1266 ¹earumdemque
452 1179 582 1244 reditus
603 1179 698 1244 fimul
718 1177 848 1244 rationi
868 1193 1050 1246 occurrunt
1067 1199 1121 1246 eae
1136 1179 1189 1244 in·

71 1261 246 1349 quirenti,
278 1277 317 1326 ut
347 1284 365 1326 a
396 1263 429 1326 le
457 1261 606 1327 invicem
633 1260 868 1348 inseparabiles
898 1262 961 1325 elle
987 1259 1189 1346 videantur3

71 1362 108 1411 et
127 1365 238 1410 nemo
257 1347 299 1408 de
319 1367 389 1409 nna
410 1346 561 1410 absolute
582 1346 651 1410 fine
673 1343 810 1408 alteriue
827 1341 1029 1420 insertione,
1052 1347 1118 1410 hoc
1132 1347 1187 1422 eli,

73 1432 117 1495 de
142 1427 356 1516 proceffioue
383 1427 453 1493 fine
480 1427 593 1492 reditu
619 1443 654 1492 et
681 1427 903 1502 collectione,
936 1443 971 1492 et
991 1429 1187 1504 conversam,

73 1512 222 1598 dignum
245 1509 328 1598 quid
346 1527 526 1598 ratumque
545 1511 653 1597 potest
673 1513 860 1598 explanare.
902 1513 945 1574 D.
976 1511 1188 1596 Disputatio·

72 1595 129 1660 nie
150 1594 253 1660 leriee
275 1594 325 1658 nil
347 1587 584 1680 aliudexigit,
607 1615 708 1682 quam
729 1610 770 1660 ut
788 1595 861 1680 poll
881 1591 1009 1680 primae
1053 1593 1192 1659 uaeliio·

73 1677 132 1743 nie
164 1677 468 1743 confideretionem
500 1679 544 1742 ad
570 1678 751 1743 secundam
781 1693 996 1742 transeamus.
1030 1615 1087 1740 ld.
1109 1676 1191 1744 Uni·

72 1761 213 1825 verlalie
238 1759 353 1846 itaque
373 1775 531 1836 naturae,
564 1765 691 1841 utiam
713 1761 842 1826 dictum
865 1760 925 1838 eil,
957 1781 995 1826 ea
1015 1760 1123 1826 forma
1144 1761 1191 1826 ie·

72 1846 190 1910 cunda
219 1843 344 1918 enitet,
376 1865 463 1930 quae
483 1858 616 1908 creatur
638 1861 672 1908 et
693 1859 800 1918 creat.
834 1858 959 1910 etnon
981 1841 1044 1908 nist
1064 1843 1101 1908 in
1123 1843 1191 1931 pri-

74 1925 303 2010 mordialibua¹
331 1925 434 1992 caulis
458 1947 589 2002 retum,
623 1943 664 1990 ut
692 1927 846 2001 aestimo.
877 1926 1098 2014 intelligenda
1127 1927 1190 2014 est3
1267 1961 1273 1990 ι

73 1993 1193 2180 {ll‘pllliilltssfflt“llildssisslzfiissllzlt
1238 2073 1241 2080 ·

135 2141 145 2168 ι
579 2136 588 2167 ι
912 2141 921 2169 ι
1013 2159 1016 2172 .
1065 2141 1075 2170 ι
1179 2129 1192 2146 ·

77 2175 322 2244 destinationee
350 2175 406 2239 vel
434 2175 655 2240 diffinitiones
680 2191 864 2250 uocantum
896 2174 979 2239 item
1001 2177 1041 2240 ab
1064 2175 1193 2244 eisdem

79 2260 397 2334 machumata,
436 2261 503 2322 hoc
517 2257 592 2333 est,
626 2256 762 2322 divinae
789 2257 982 2323 voluntates
1012 2257 1192 2336 dicuntum

73 2347 185 2412 Idaeo
205 2363 356 2441 quqque,
390 2340 509 2415 idest,
539 2340 666 2427 speeies
686 2343 741 2405 vel
763 2341 907 2415 formae,
938 2340 975 2405 in
997 2341 1121 2440 quibua
1141 2363 1192 2408 re·

74 2451 158 2495 rum
180 2447 335 2490 nmmum
355 2423 604 2500 faciendarum,
633 2422 829 2511 priusquam
852 2425 971 2498 effent,
1000 2426 1193 2490 ammutabi·

76 2515 131 2578 lee
162 2507 309 2575 tationes
337 2506 496 2573 conditae
522 2507 616 2581 lunt,
646 2493 758 2572 folent'
775 2507 909 2583 vocari·;
941 2509 983 2570 de
1004 2505 1126 2593 quibus
1148 2511 1193 2574 la·

79 2595 154 2660 tine
183 2592 221 2656 in
250 2592 420 2678 progressu
441 2589 552 2675 operio
575 2589 745 2664 dicemm,
778 2587 1044 2676 testimoniisque
1064 2591 1204 2658 sancto?

15 2661 27 2682 '
79 2697 161 2744 mm
194 2677 332 2738 Petrum
352 2671 600 2750 roborabimum
632 2687 667 2735 et
686 2695 752 2738 nee
771 2669 941 2738 immerito
961 2673 1006 2737 fic
1027 2676 1195 2771 appellan-

82 2777 161 2835 tur,
183 2756 344 2844 qnoniam
362 2772 476 2843 pater,
499 2758 566 2818 hoc
587 2755 647 2831 est,
670 2755 877 2854 principium
900 2755 1055 2820 omnium
1075 2779 1112 2821 m
1121 2779 1195 2821 ver-

83 2847 130 2909 bo
152 2844 229 2916 luo,
250 2838 430 2987 unigenito
452 2836 614 2902 videlicet
633 2837 715 2913 filro,
739 2838 893 2904 omnium
912 2858 1025 2902 rerum
1045 2839 1195 2906 rationes
1332 2869 1336 2876 ·
1417 2883 1420 2904 .

85 2947 169 3024 quae
197 2923 309 2988 facien
336 2944 369 2988 ae
397 2922 461 2985 effe
480 2919 592 2986 voluit
605 2919 704 3066 priua
726 2943 826 3019 quam
848 2921 885 2985 in
908 2923 1039 2984 Genera
1061 2938 1095 2986 et
1116 2925 1196 3009 Spe·

85 3031 157 3076 eree
183 3025 410 3091 numerosque
440 3018 540 3090 atque
569 3001 602 3066 di
631 3019 792 3079 crentur,
825 3020 1021 3088 caeteraque
1050 3005 1195 3090 quaein
1222 3025 1224 3030 ·

85 3089 225 3158 condita
247 3105 397 3154 creatura
418 3102 477 3150 aut
498 3085 698 3150 considerari
720 3088 857 3172 poliunt
877 3101 912 3148 et
932 3081 1196 3164 considerantum
1301 3143 1303 3148 ,
1382 3169 1386 3184 1

85 3191 147 3240 aut
167 3169 365 3238 considerari
386 3191 460 3234 non
480 3169 615 3254 poliunt
635 3191 714 3256 prae
729 3168 787 3250 lui
808 3167 1045 3246 altitudinem,
1068 3185 1103 3233 et
1123 3191 1195 3235 non

84 3258 340 3326 cdnfiderantur
362 3267 530 3317 ettamen
552 3252 648 3326 lunt,
672 3251 921 3337 praeformavit.

151 3355 183 3419 3.
214 3339 282 3403 Sed
310 3335 506 3424 priuequam
536 3337 578 3398 ad
603 3333 871 3421 primordialium
900 3334 1075 3399 caularum
1103 3335 1198 3400 theo·

84 3415 1200 3586 iim·‘Pilmiili'ill{iiffitila‘liiesiliilllll‘'illibili
1251 3480 1254 3490 ⁴

127 3528 230 3572 axum
275 3526 295 3568 e
987 3547 996 3576 ‚

85 3587 262 3680 putationi
281 3585 410 3652 nostrae
430 3583 586 3648 inserere.
628 3583 664 3646 Si
686 3605 778 3648 emm
798 3582 977 3668 multiplex
995 3604 1108 3647 rerum
1129 3603 1200 3647 om·
1325 3579 1327 3586 ’

86 3675 189 3741 nium
217 3669 354 3745 divifio,
385 3667 577 3752 iterumque
605 3666 767 3732 adunatio
798 3664 1034 3752 multiplieiter
1062 3667 1200 3731 demon·

87 3761 186 3823 litata
205 3751 328 3830 inerit,
351 3753 395 3815 ad
413 3748 1090 3838 cognitionemprineipaliumcaularum,
1114 3769 1201 3847 quae

87 3836 324 3936 principaliter
352 3837 467 3932 aDep
489 3831 647 3932 conditae
668 3834 777 3932 lunt&
799 3833 966 3932 patefacta
989 3831 1047 3897 via
1062 3830 1201 3930 ‘iaerliue

87 3915 1202 4096 alffil‘nlliz'ffifflldcsslfilzillidii&
1228 4081 1233 4088 ,

87 4106 297 4160 ereaturam,
328 4107 429 4174 quam
449 4083 583 4149 auriam
604 4083 747 4160 formam
767 4099 906 4150 naturae
925 4083 1099 4170 posuimus
1121 4099 1203 4168 quo·

87 4173 186 4244 niam
212 4168 359 4240 maxime
385 4167 558 4236 causarum
585 4165 726 4238 effeetus
748 4166 786 4236 in
808 4189 847 4235 ea
868 4181 1046 4256 apparent,
1076 4163 1114 4230 in
1135 4179 1203 4228 nee
