<?xml version="1.0" encoding="UTF-8"?>
<!DOCTYPE html PUBLIC "-//W3C//DTD XHTML 1.0 Transitional//EN"
    "http://www.w3.org/TR/xhtml1/DTD/xhtml1-transitional.dtd">
<html xmlns="http://www.w3.org/1999/xhtml" xml:lang="en" lang="en">
 <head>
  <title>
</title>
<meta http-equiv="Content-Type" content="text/html;charset=utf-8" />
  <meta name='ocr-system' content='tesseract 3.04.00' />
  <meta name='ocr-capabilities' content='ocr_page ocr_carea ocr_par ocr_line ocrx_word'/>
</head>
<body>
  <div class='ocr_page' id='page_1' title='image "./dedivisionenatu00eriggoog_0449.png"; bbox 0 0 2970 4826; ppageno 0'>
   <div class='ocr_carea' id='block_1_1' title="bbox 284 244 1173 372">
    <p class='ocr_par' dir='ltr' id='par_1_1' title="bbox 284 244 1173 372">
     <span class='ocr_line' id='line_1_1' title="bbox 284 244 1173 372; baseline -0.002 -51"><span class='ocrx_word' id='word_1_1' title='bbox 284 246 360 326; x_wconf 70' lang='lat'><strong>418</strong></span> <span class='ocrx_word' id='word_1_2' title='bbox 611 246 667 317; x_wconf 81' lang='lat' dir='ltr'><strong>lle</strong></span> <span class='ocrx_word' id='word_1_3' title='bbox 686 245 869 320; x_wconf 60' lang='lat' dir='ltr'><strong>maana</strong></span> <span class='ocrx_word' id='word_1_4' title='bbox 888 244 1063 372; x_wconf 74' lang='lat' dir='ltr'><strong>Nostrae.</strong></span> <span class='ocrx_word' id='word_1_5' title='bbox 1163 253 1173 268; x_wconf 66' lang='lat'>⁸</span> 
     </span>
    </p>
   </div>
   <div class='ocr_carea' id='block_1_2' title="bbox 204 427 1445 4291">
    <p class='ocr_par' dir='ltr' id='par_1_2' title="bbox 204 427 1445 4291">
     <span class='ocr_line' id='line_1_2' title="bbox 283 427 1403 514; baseline -0.004 -14"><span class='ocrx_word' id='word_1_6' title='bbox 283 429 502 500; x_wconf 83' lang='lat' dir='ltr'><strong>laetationem</strong></span> <span class='ocrx_word' id='word_1_7' title='bbox 523 427 790 500; x_wconf 69' lang='lat' dir='ltr'>irrationabilem</span> <span class='ocrx_word' id='word_1_8' title='bbox 810 437 908 514; x_wconf 75' lang='lat' dir='ltr'><strong>caluo</strong></span> <span class='ocrx_word' id='word_1_9' title='bbox 929 431 940 496; x_wconf 86' lang='lat' dir='ltr'><strong>i</strong></span> <span class='ocrx_word' id='word_1_10' title='bbox 968 433 1000 498; x_wconf 87' lang='lat' dir='ltr'><strong>sa</strong></span> <span class='ocrx_word' id='word_1_11' title='bbox 1016 445 1133 500; x_wconf 89' lang='lat' dir='ltr'><strong>auctor</strong></span> <span class='ocrx_word' id='word_1_12' title='bbox 1147 429 1211 507; x_wconf 82' lang='lat' dir='ltr'><strong>esi,</strong></span> <span class='ocrx_word' id='word_1_13' title='bbox 1232 445 1403 497; x_wconf 79' lang='lat' dir='ltr'>removet.</span> 
     </span>
     <span class='ocr_line' id='line_1_3' title="bbox 283 455 1437 602; baseline -0.006 -17"><span class='ocrx_word' id='word_1_14' title='bbox 283 518 363 585; x_wconf 82' lang='lat' dir='ltr'><strong>Non</strong></span> <span class='ocrx_word' id='word_1_15' title='bbox 392 511 486 580; x_wconf 89' lang='lat' dir='ltr'><strong>enim</strong></span> <span class='ocrx_word' id='word_1_16' title='bbox 513 515 738 582; x_wconf 78' lang='lat' dir='ltr'>materialium</span> <span class='ocrx_word' id='word_1_17' title='bbox 771 539 884 583; x_wconf 87' lang='lat' dir='ltr'><strong>rerum</strong></span> <span class='ocrx_word' id='word_1_18' title='bbox 918 455 1037 582; x_wconf 70' lang='lat' dir='ltr'><strong>ilsicita</strong></span> <span class='ocrx_word' id='word_1_19' title='bbox 1067 514 1246 602; x_wconf 69' lang='lat' dir='ltr'><strong>delectatio</strong></span> <span class='ocrx_word' id='word_1_20' title='bbox 1281 531 1402 580; x_wconf 87' lang='lat' dir='ltr'><strong>ortum</strong></span> <span class='ocrx_word' id='word_1_21' title='bbox 1436 508 1437 598; x_wconf 94' lang='grc'>1</span> 
     </span>
     <span class='ocr_line' id='line_1_4' title="bbox 285 597 1438 696; baseline 0 -32"><span class='ocrx_word' id='word_1_22' title='bbox 285 597 383 670; x_wconf 83' lang='lat' dir='ltr'><strong>drutit</strong></span> <span class='ocrx_word' id='word_1_23' title='bbox 409 619 452 664; x_wconf 85' lang='lat' dir='ltr'><strong>ex</strong></span> <span class='ocrx_word' id='word_1_24' title='bbox 481 614 621 676; x_wconf 86' lang='lat' dir='ltr'><strong>natura,</strong></span> <span class='ocrx_word' id='word_1_25' title='bbox 652 600 711 665; x_wconf 86' lang='lat' dir='ltr'><strong>sad</strong></span> <span class='ocrx_word' id='word_1_26' title='bbox 741 621 783 666; x_wconf 88' lang='lat' dir='ltr'><strong>ex</strong></span> <span class='ocrx_word' id='word_1_27' title='bbox 809 600 1008 688; x_wconf 83' lang='lat' dir='ltr'><strong>peccatricia</strong></span> <span class='ocrx_word' id='word_1_28' title='bbox 1036 599 1168 666; x_wconf 88' lang='lat' dir='ltr'><strong>animae</strong></span> <span class='ocrx_word' id='word_1_29' title='bbox 1190 598 1405 686; x_wconf 68' lang='lat' dir='ltr'><strong>imperfectis</strong></span> <span class='ocrx_word' id='word_1_30' title='bbox 1437 612 1438 696; x_wconf 77' lang='grc'>1</span> 
     </span>
     <span class='ocr_line' id='line_1_5' title="bbox 283 680 1439 784; baseline 0 -36"><span class='ocrx_word' id='word_1_31' title='bbox 283 680 639 770; x_wconf 75' lang='lat' dir='ltr'><strong>irrationabilibusque</strong></span> <span class='ocrx_word' id='word_1_32' title='bbox 649 682 809 764; x_wconf 44' lang='lat' dir='ltr'><strong>[motibua</strong></span> <span class='ocrx_word' id='word_1_33' title='bbox 830 705 892 772; x_wconf 86' lang='lat' dir='ltr'><strong>per</strong></span> <span class='ocrx_word' id='word_1_34' title='bbox 916 703 1095 772; x_wconf 80' lang='lat' dir='ltr'><strong>corporeae</strong></span> <span class='ocrx_word' id='word_1_35' title='bbox 1116 682 1228 749; x_wconf 86' lang='lat' dir='ltr'><strong>senlua</strong></span> <span class='ocrx_word' id='word_1_36' title='bbox 1248 681 1290 746; x_wconf 92' lang='lat' dir='ltr'><strong>in</strong></span> <span class='ocrx_word' id='word_1_37' title='bbox 1311 703 1407 748; x_wconf 88' lang='lat' dir='ltr'><strong>arno·</strong></span> <span class='ocrx_word' id='word_1_38' title='bbox 1438 716 1439 784; x_wconf 60' lang='grc'>1</span> 
     </span>
     <span class='ocr_line' id='line_1_6' title="bbox 281 763 1404 855; baseline -0.004 -21"><span class='ocrx_word' id='word_1_39' title='bbox 281 787 355 834; x_wconf 87' lang='lat' dir='ltr'><strong>rem</strong></span> <span class='ocrx_word' id='word_1_40' title='bbox 391 763 596 832; x_wconf 77' lang='lat' dir='ltr'><strong>sensibilium</strong></span> <span class='ocrx_word' id='word_1_41' title='bbox 625 787 738 832; x_wconf 89' lang='lat' dir='ltr'><strong>rerum</strong></span> <span class='ocrx_word' id='word_1_42' title='bbox 765 769 941 834; x_wconf 82' lang='lat' dir='ltr'><strong>mortifero</strong></span> <span class='ocrx_word' id='word_1_43' title='bbox 972 767 1127 855; x_wconf 85' lang='lat' dir='ltr'><strong>appetitu</strong></span> <span class='ocrx_word' id='word_1_44' title='bbox 1156 765 1260 832; x_wconf 89' lang='lat' dir='ltr'><strong>irrum</strong></span> <span class='ocrx_word' id='word_1_45' title='bbox 1290 767 1404 842; x_wconf 69' lang='lat' dir='ltr'><strong>entim</strong></span> 
     </span>
     <span class='ocr_line' id='line_1_7' title="bbox 281 789 1404 952; baseline -0.002 -36"><span class='ocrx_word' id='word_1_46' title='bbox 281 869 396 952; x_wconf 71' lang='lat' dir='ltr'><strong>peque</strong></span> <span class='ocrx_word' id='word_1_47' title='bbox 417 847 488 912; x_wconf 89' lang='lat' dir='ltr'><strong>anti</strong></span> <span class='ocrx_word' id='word_1_48' title='bbox 512 870 575 948; x_wconf 72' lang='lat' dir='ltr'><strong>aaa</strong></span> <span class='ocrx_word' id='word_1_49' title='bbox 596 850 699 916; x_wconf 82' lang='lat' dir='ltr'><strong>hollia</strong></span> <span class='ocrx_word' id='word_1_50' title='bbox 720 853 898 918; x_wconf 82' lang='lat' dir='ltr'><strong>advirum</strong></span> <span class='ocrx_word' id='word_1_51' title='bbox 919 851 1068 927; x_wconf 83' lang='lat' dir='ltr'><strong>animae,</strong></span> <span class='ocrx_word' id='word_1_52' title='bbox 1091 789 1404 948; x_wconf 54' lang='lat' dir='ltr'><strong>animumgicoad</strong></span> 
     </span>
     <span class='ocr_line' id='line_1_8' title="bbox 236 933 1442 1105; baseline -0.001 -25"><span class='ocrx_word' id='word_1_53' title='bbox 236 1048 240 1056; x_wconf 85' lang='lat'><em>·</em></span> <span class='ocrx_word' id='word_1_54' title='bbox 284 933 749 1102; x_wconf 46' lang='lat' dir='ltr'><strong>ffigdltelblorpgiegaiibxsiai</strong></span> <span class='ocrx_word' id='word_1_55' title='bbox 782 937 1406 1105; x_wconf 52' lang='lat' dir='ltr'><strong>abieffbmveitii&#39;srqbbeginingialfg</strong></span> <span class='ocrx_word' id='word_1_56' title='bbox 1441 1030 1442 1090; x_wconf 86' lang='grc'>1</span> 
     </span>
     <span class='ocr_line' id='line_1_9' title="bbox 283 1041 1443 1190; baseline -0.002 -24"><span class='ocrx_word' id='word_1_57' title='bbox 283 1097 389 1166; x_wconf 88' lang='lat' dir='ltr'><strong>animi</strong></span> <span class='ocrx_word' id='word_1_58' title='bbox 412 1099 690 1174; x_wconf 78' lang='lat' dir='ltr'><strong>delectationem.</strong></span> <span class='ocrx_word' id='word_1_59' title='bbox 712 1041 802 1189; x_wconf 60' lang='lat' dir='ltr'><strong>quai</strong></span> <span class='ocrx_word' id='word_1_60' title='bbox 822 1125 883 1190; x_wconf 89' lang='lat' dir='ltr'><strong>per</strong></span> <span class='ocrx_word' id='word_1_61' title='bbox 898 1105 1066 1189; x_wconf 84' lang='lat' dir='ltr'><strong>quendam</strong></span> <span class='ocrx_word' id='word_1_62' title='bbox 1082 1095 1260 1166; x_wconf 86' lang='lat' dir='ltr'><strong>colubrum</strong></span> <span class='ocrx_word' id='word_1_63' title='bbox 1287 1100 1403 1186; x_wconf 89' lang='lat' dir='ltr'><strong>ipsum</strong></span> <span class='ocrx_word' id='word_1_64' title='bbox 1442 1136 1443 1180; x_wconf 67' lang='grc'>1</span> 
     </span>
     <span class='ocr_line' id='line_1_10' title="bbox 282 1183 1444 1274; baseline -0.002 -24"><span class='ocrx_word' id='word_1_65' title='bbox 282 1203 485 1268; x_wconf 85' lang='lat' dir='ltr'><strong>corporeum</strong></span> <span class='ocrx_word' id='word_1_66' title='bbox 506 1183 637 1250; x_wconf 87' lang='lat' dir='ltr'><strong>lensum</strong></span> <span class='ocrx_word' id='word_1_67' title='bbox 660 1183 849 1252; x_wconf 75' lang='lat' dir='ltr'><strong>seducerem</strong></span> <span class='ocrx_word' id='word_1_68' title='bbox 885 1188 1169 1274; x_wconf 80' lang='lat' dir='ltr'><strong>quemadmodum</strong></span> <span class='ocrx_word' id='word_1_69' title='bbox 1192 1205 1305 1270; x_wconf 89' lang='lat' dir='ltr'><strong>neque</strong></span> <span class='ocrx_word' id='word_1_70' title='bbox 1320 1183 1402 1248; x_wconf 74' lang='lat' dir='ltr'><strong>‘ani-</strong></span> <span class='ocrx_word' id='word_1_71' title='bbox 1443 1240 1444 1266; x_wconf 45' lang='grc'>1</span> 
     </span>
     <span class='ocr_line' id='line_1_11' title="bbox 282 1265 1445 1357; baseline -0.001 -25"><span class='ocrx_word' id='word_1_72' title='bbox 282 1287 359 1332; x_wconf 86' lang='lat' dir='ltr'><strong>mua</strong></span> <span class='ocrx_word' id='word_1_73' title='bbox 377 1265 415 1329; x_wconf 91' lang='lat' dir='ltr'><strong>in</strong></span> <span class='ocrx_word' id='word_1_74' title='bbox 436 1285 548 1332; x_wconf 87' lang='lat' dir='ltr'><strong>rerum</strong></span> <span class='ocrx_word' id='word_1_75' title='bbox 569 1269 794 1336; x_wconf 80' lang='lat' dir='ltr'><strong>materialium</strong></span> <span class='ocrx_word' id='word_1_76' title='bbox 816 1270 1004 1357; x_wconf 88' lang='lat' dir='ltr'><strong>perniciosa</strong></span> <span class='ocrx_word' id='word_1_77' title='bbox 1027 1267 1252 1334; x_wconf 76' lang='lat' dir='ltr'><strong>delectatione</strong></span> <span class='ocrx_word' id='word_1_78' title='bbox 1274 1283 1310 1331; x_wconf 89' lang='lat' dir='ltr'><strong>et</strong></span> <span class='ocrx_word' id='word_1_79' title='bbox 1326 1289 1401 1354; x_wconf 90' lang='lat' dir='ltr'><strong>per·</strong></span> <span class='ocrx_word' id='word_1_80' title='bbox 1444 1347 1445 1352; x_wconf 8' lang='grc' dir='ltr'>ἵ</span> 
     </span>
     <span class='ocr_line' id='line_1_12' title="bbox 282 1348 1402 1438; baseline -0.002 -22"><span class='ocrx_word' id='word_1_81' title='bbox 282 1348 448 1416; x_wconf 79' lang='lat' dir='ltr'><strong>fruitione</strong></span> <span class='ocrx_word' id='word_1_82' title='bbox 472 1371 635 1436; x_wconf 88' lang='lat' dir='ltr'><strong>corporeo</strong></span> <span class='ocrx_word' id='word_1_83' title='bbox 658 1353 768 1418; x_wconf 91' lang='lat' dir='ltr'><strong>sensui</strong></span> <span class='ocrx_word' id='word_1_84' title='bbox 789 1353 1012 1428; x_wconf 82' lang='lat' dir='ltr'><strong>consentiret,</strong></span> <span class='ocrx_word' id='word_1_85' title='bbox 1037 1352 1060 1417; x_wconf 83' lang='lat' dir='ltr'>fi</span> <span class='ocrx_word' id='word_1_86' title='bbox 1084 1351 1177 1438; x_wconf 91' lang='lat' dir='ltr'><strong>priua</strong></span> <span class='ocrx_word' id='word_1_87' title='bbox 1199 1350 1236 1416; x_wconf 88' lang='lat' dir='ltr'><strong>iu</strong></span> <span class='ocrx_word' id='word_1_88' title='bbox 1256 1349 1332 1436; x_wconf 92' lang='lat' dir='ltr'><strong>ipso</strong></span> <span class='ocrx_word' id='word_1_89' title='bbox 1350 1353 1402 1414; x_wconf 90' lang='lat' dir='ltr'><strong>su·</strong></span> 
     </span>
     <span class='ocr_line' id='line_1_13' title="bbox 281 1433 1402 1522; baseline 0 -24"><span class='ocrx_word' id='word_1_90' title='bbox 281 1435 386 1522; x_wconf 85' lang='lat' dir='ltr'><strong>parba</strong></span> <span class='ocrx_word' id='word_1_91' title='bbox 417 1435 621 1520; x_wconf 84' lang='lat' dir='ltr'><strong>praesumtio</strong></span> <span class='ocrx_word' id='word_1_92' title='bbox 644 1457 715 1501; x_wconf 91' lang='lat' dir='ltr'><strong>non</strong></span> <span class='ocrx_word' id='word_1_93' title='bbox 762 1441 963 1503; x_wconf 87' lang='lat' dir='ltr'><strong>raecederet.</strong></span> <span class='ocrx_word' id='word_1_94' title='bbox 1008 1437 1054 1500; x_wconf 91' lang='lat' dir='ltr'><strong>Su</strong></span> <span class='ocrx_word' id='word_1_95' title='bbox 1081 1434 1172 1508; x_wconf 87' lang='lat' dir='ltr'><strong>erbia</strong></span> <span class='ocrx_word' id='word_1_96' title='bbox 1192 1435 1309 1521; x_wconf 88' lang='lat' dir='ltr'><strong>itaque</strong></span> <span class='ocrx_word' id='word_1_97' title='bbox 1331 1433 1402 1498; x_wconf 91' lang='lat' dir='ltr'><strong>ani·</strong></span> 
     </span>
     <span class='ocr_line' id='line_1_14' title="bbox 281 1459 1401 1606; baseline 0 -24"><span class='ocrx_word' id='word_1_98' title='bbox 281 1515 332 1582; x_wconf 89' lang='lat' dir='ltr'><strong>mi</strong></span> <span class='ocrx_word' id='word_1_99' title='bbox 353 1515 561 1606; x_wconf 84' lang='lat' dir='ltr'><strong>camalieque</strong></span> <span class='ocrx_word' id='word_1_100' title='bbox 583 1520 695 1584; x_wconf 85' lang='lat' dir='ltr'><strong>sensua</strong></span> <span class='ocrx_word' id='word_1_101' title='bbox 717 1461 837 1586; x_wconf 61' lang='lat' dir='ltr'><strong>illicita</strong></span> <span class='ocrx_word' id='word_1_102' title='bbox 859 1519 1037 1586; x_wconf 87' lang='lat' dir='ltr'><strong>delectatio</strong></span> <span class='ocrx_word' id='word_1_103' title='bbox 1055 1459 1113 1582; x_wconf 67' lang='lat' dir='ltr'><strong>ibi</strong></span> <span class='ocrx_word' id='word_1_104' title='bbox 1130 1517 1277 1584; x_wconf 87' lang='lat' dir='ltr'><strong>invicem</strong></span> <span class='ocrx_word' id='word_1_105' title='bbox 1296 1539 1401 1605; x_wconf 88' lang='lat' dir='ltr'><strong>copu-</strong></span> 
     </span>
     <span class='ocr_line' id='line_1_15' title="bbox 281 1601 1400 1676; baseline 0 -10"><span class='ocrx_word' id='word_1_106' title='bbox 281 1601 393 1676; x_wconf 84' lang='lat' dir='ltr'><strong>latae,</strong></span> <span class='ocrx_word' id='word_1_107' title='bbox 416 1615 570 1668; x_wconf 87' lang='lat' dir='ltr'><strong>naturam</strong></span> <span class='ocrx_word' id='word_1_108' title='bbox 592 1605 773 1668; x_wconf 87' lang='lat' dir='ltr'><strong>humanam</strong></span> <span class='ocrx_word' id='word_1_109' title='bbox 796 1603 914 1670; x_wconf 86' lang='lat' dir='ltr'><strong>mortia</strong></span> <span class='ocrx_word' id='word_1_110' title='bbox 938 1601 1148 1668; x_wconf 88' lang='lat' dir='ltr'><strong>damnationi</strong></span> <span class='ocrx_word' id='word_1_111' title='bbox 1169 1601 1400 1666; x_wconf 79' lang='lat' dir='ltr'><strong>tradiderunt:</strong></span> 
     </span>
     <span class='ocr_line' id='line_1_16' title="bbox 283 1683 1401 1774; baseline -0.001 -25"><span class='ocrx_word' id='word_1_112' title='bbox 283 1685 327 1749; x_wconf 91' lang='lat' dir='ltr'><strong>de</strong></span> <span class='ocrx_word' id='word_1_113' title='bbox 360 1703 425 1768; x_wconf 88' lang='lat' dir='ltr'><strong>qua</strong></span> <span class='ocrx_word' id='word_1_114' title='bbox 454 1683 522 1749; x_wconf 90' lang='lat' dir='ltr'><strong>sola</strong></span> <span class='ocrx_word' id='word_1_115' title='bbox 551 1686 671 1752; x_wconf 81' lang='lat' dir='ltr'><strong>Christi</strong></span> <span class='ocrx_word' id='word_1_116' title='bbox 700 1687 873 1752; x_wconf 82' lang='lat' dir='ltr'><strong>humiliter</strong></span> <span class='ocrx_word' id='word_1_117' title='bbox 906 1703 941 1751; x_wconf 87' lang='lat' dir='ltr'><strong>et</strong></span> <span class='ocrx_word' id='word_1_118' title='bbox 968 1685 1192 1774; x_wconf 82' lang='lat' dir='ltr'><strong>spiritualium</strong></span> <span class='ocrx_word' id='word_1_119' title='bbox 1225 1705 1341 1750; x_wconf 88' lang='lat' dir='ltr'><strong>rerum</strong></span> <span class='ocrx_word' id='word_1_120' title='bbox 1364 1685 1401 1748; x_wconf 91' lang='lat' dir='ltr'><strong>in</strong></span> 
     </span>
     <span class='ocr_line' id='line_1_17' title="bbox 286 1765 1402 1854; baseline 0.003 -23"><span class='ocrx_word' id='word_1_121' title='bbox 286 1765 462 1832; x_wconf 81' lang='lat' dir='ltr'><strong>animabat</strong></span> <span class='ocrx_word' id='word_1_122' title='bbox 496 1767 650 1834; x_wconf 83' lang='lat' dir='ltr'><strong>fidelium</strong></span> <span class='ocrx_word' id='word_1_123' title='bbox 678 1771 857 1836; x_wconf 87' lang='lat' dir='ltr'><strong>delectatio</strong></span> <span class='ocrx_word' id='word_1_124' title='bbox 887 1775 1027 1836; x_wconf 88' lang='lat' dir='ltr'><strong>eandem</strong></span> <span class='ocrx_word' id='word_1_125' title='bbox 1054 1783 1192 1834; x_wconf 83' lang='lat' dir='ltr'><strong>revocat</strong></span> <span class='ocrx_word' id='word_1_126' title='bbox 1211 1768 1402 1854; x_wconf 81' lang='lat' dir='ltr'><strong>liberatque</strong></span> 
     </span>
     <span class='ocr_line' id='line_1_18' title="bbox 280 1850 1401 1952; baseline -0.002 -34"><span class='ocrx_word' id='word_1_127' title='bbox 280 1864 448 1918; x_wconf 81' lang='lat' dir='ltr'><strong>naturam.</strong></span> <span class='ocrx_word' id='word_1_128' title='bbox 479 1851 558 1916; x_wconf 88' lang='lat' dir='ltr'><strong>Nou</strong></span> <span class='ocrx_word' id='word_1_129' title='bbox 580 1855 683 1918; x_wconf 87' lang='lat' dir='ltr'><strong>habea</strong></span> <span class='ocrx_word' id='word_1_130' title='bbox 704 1853 835 1946; x_wconf 86' lang='lat' dir='ltr'><strong>itaque,</strong></span> <span class='ocrx_word' id='word_1_131' title='bbox 858 1854 998 1930; x_wconf 85' lang='lat' dir='ltr'><strong>mulier,</strong></span> <span class='ocrx_word' id='word_1_132' title='bbox 1022 1851 1059 1916; x_wconf 89' lang='lat' dir='ltr'><strong>in</strong></span> <span class='ocrx_word' id='word_1_133' title='bbox 1075 1851 1159 1938; x_wconf 91' lang='lat' dir='ltr'><strong>quid</strong></span> <span class='ocrx_word' id='word_1_134' title='bbox 1174 1851 1228 1915; x_wconf 86' lang='lat' dir='ltr'><strong>vel</strong></span> <span class='ocrx_word' id='word_1_135' title='bbox 1242 1850 1278 1914; x_wconf 92' lang='lat' dir='ltr'><strong>in</strong></span> <span class='ocrx_word' id='word_1_136' title='bbox 1298 1873 1401 1952; x_wconf 89' lang='lat' dir='ltr'><strong>quem</strong></span> 
     </span>
     <span class='ocr_line' id='line_1_19' title="bbox 232 1933 1401 2022; baseline 0 -22"><span class='ocrx_word' id='word_1_137' title='bbox 232 1991 238 2012; x_wconf 71' lang='grc'>,</span> <span class='ocrx_word' id='word_1_138' title='bbox 281 1933 417 2019; x_wconf 87' lang='lat' dir='ltr'><strong>culpam</strong></span> <span class='ocrx_word' id='word_1_139' title='bbox 450 1946 543 2000; x_wconf 91' lang='lat' dir='ltr'><strong>tuam</strong></span> <span class='ocrx_word' id='word_1_140' title='bbox 576 1947 785 2014; x_wconf 79' lang='lat' dir='ltr'><strong>removear‚·</strong></span> <span class='ocrx_word' id='word_1_141' title='bbox 800 1938 862 2004; x_wconf 80' lang='lat' dir='ltr'><strong>nia</strong></span> <span class='ocrx_word' id='word_1_142' title='bbox 884 1938 919 2002; x_wconf 91' lang='lat' dir='ltr'><strong>in</strong></span> <span class='ocrx_word' id='word_1_143' title='bbox 943 1953 976 2002; x_wconf 91' lang='lat' dir='ltr'><strong>te</strong></span> <span class='ocrx_word' id='word_1_144' title='bbox 997 1936 1120 2022; x_wconf 83' lang='lat' dir='ltr'><strong>ipsam,</strong></span> <span class='ocrx_word' id='word_1_145' title='bbox 1157 1937 1239 1999; x_wconf 88' lang='lat' dir='ltr'><strong>dum</strong></span> <span class='ocrx_word' id='word_1_146' title='bbox 1259 1933 1401 2000; x_wconf 75' lang='lat' dir='ltr'><strong>illicitae</strong></span> 
     </span>
     <span class='ocr_line' id='line_1_20' title="bbox 282 2014 1399 2108; baseline 0 -26"><span class='ocrx_word' id='word_1_147' title='bbox 282 2014 519 2084; x_wconf 84' lang='lat' dir='ltr'><strong>delectationia</strong></span> <span class='ocrx_word' id='word_1_148' title='bbox 541 2034 619 2084; x_wconf 90' lang='lat' dir='ltr'><strong>tuae</strong></span> <span class='ocrx_word' id='word_1_149' title='bbox 640 2019 677 2086; x_wconf 88' lang='lat' dir='ltr'><strong>in</strong></span> <span class='ocrx_word' id='word_1_150' title='bbox 701 2043 799 2108; x_wconf 90' lang='lat' dir='ltr'><strong>quam</strong></span> <span class='ocrx_word' id='word_1_151' title='bbox 822 2023 957 2108; x_wconf 87' lang='lat' dir='ltr'><strong>culpam</strong></span> <span class='ocrx_word' id='word_1_152' title='bbox 981 2036 1074 2084; x_wconf 90' lang='lat' dir='ltr'><strong>tuam</strong></span> <span class='ocrx_word' id='word_1_153' title='bbox 1096 2039 1270 2083; x_wconf 85' lang='lat' dir='ltr'><strong>removere</strong></span> <span class='ocrx_word' id='word_1_154' title='bbox 1298 2039 1399 2084; x_wconf 90' lang='lat' dir='ltr'><strong>cona·</strong></span> 
     </span>
     <span class='ocr_line' id='line_1_21' title="bbox 279 2099 1400 2190; baseline 0 -24"><span class='ocrx_word' id='word_1_155' title='bbox 279 2099 348 2176; x_wconf 87' lang='lat' dir='ltr'><strong>ria,</strong></span> <span class='ocrx_word' id='word_1_156' title='bbox 382 2101 596 2168; x_wconf 87' lang='lat' dir='ltr'><strong>convinceria</strong></span> <span class='ocrx_word' id='word_1_157' title='bbox 619 2120 737 2170; x_wconf 89' lang='lat' dir='ltr'><strong>auctor</strong></span> <span class='ocrx_word' id='word_1_158' title='bbox 759 2107 831 2171; x_wconf 90' lang='lat' dir='ltr'><strong>elle.</strong></span> <span class='ocrx_word' id='word_1_159' title='bbox 885 2104 950 2168; x_wconf 91' lang='lat' dir='ltr'><strong>Ubi</strong></span> <span class='ocrx_word' id='word_1_160' title='bbox 971 2105 1089 2190; x_wconf 86' lang='lat' dir='ltr'><strong>pulcre</strong></span> <span class='ocrx_word' id='word_1_161' title='bbox 1111 2101 1308 2166; x_wconf 88' lang='lat' dir='ltr'><strong>divinorum</strong></span> <span class='ocrx_word' id='word_1_162' title='bbox 1328 2123 1400 2166; x_wconf 85' lang='lat' dir='ltr'><strong>ver·</strong></span> 
     </span>
     <span class='ocr_line' id='line_1_22' title="bbox 278 2183 1398 2272; baseline 0.002 -24"><span class='ocrx_word' id='word_1_163' title='bbox 278 2185 402 2250; x_wconf 88' lang='lat' dir='ltr'><strong>borum</strong></span> <span class='ocrx_word' id='word_1_164' title='bbox 424 2199 552 2250; x_wconf 88' lang='lat' dir='ltr'><strong>textum</strong></span> <span class='ocrx_word' id='word_1_165' title='bbox 575 2187 843 2256; x_wconf 87' lang='lat' dir='ltr'><strong>animadvertere</strong></span> <span class='ocrx_word' id='word_1_166' title='bbox 866 2191 1044 2254; x_wconf 83' lang='lat' dir='ltr'><strong>debemua:</strong></span> <span class='ocrx_word' id='word_1_167' title='bbox 1068 2205 1105 2250; x_wconf 88' lang='lat' dir='ltr'><strong>ea</strong></span> <span class='ocrx_word' id='word_1_168' title='bbox 1127 2183 1290 2271; x_wconf 73' lang='lat' dir='ltr'><strong>siquidem</strong></span> <span class='ocrx_word' id='word_1_169' title='bbox 1312 2205 1398 2272; x_wconf 89' lang='lat' dir='ltr'><strong>quae</strong></span> 
     </span>
     <span class='ocr_line' id='line_1_23' title="bbox 279 2267 1399 2358; baseline -0.001 -24"><span class='ocrx_word' id='word_1_170' title='bbox 279 2267 377 2334; x_wconf 86' lang='lat' dir='ltr'><strong>fimul</strong></span> <span class='ocrx_word' id='word_1_171' title='bbox 411 2269 600 2334; x_wconf 85' lang='lat' dir='ltr'><strong>factasunt</strong></span> <span class='ocrx_word' id='word_1_172' title='bbox 622 2274 747 2358; x_wconf 82' lang='lat' dir='ltr'><strong>absque</strong></span> <span class='ocrx_word' id='word_1_173' title='bbox 769 2271 1006 2358; x_wconf 85' lang='lat' dir='ltr'><strong>temporalium</strong></span> <span class='ocrx_word' id='word_1_174' title='bbox 1027 2269 1232 2332; x_wconf 88' lang='lat' dir='ltr'><strong>morularum</strong></span> <span class='ocrx_word' id='word_1_175' title='bbox 1256 2268 1399 2334; x_wconf 82' lang='lat' dir='ltr'><strong>intersii-</strong></span> 
     </span>
     <span class='ocr_line' id='line_1_24' title="bbox 279 2350 1399 2521; baseline -0.014 -20"><span class='ocrx_word' id='word_1_176' title='bbox 279 2350 361 2501; x_wconf 68' lang='lat' dir='ltr'><strong>lli·</strong></span> <span class='ocrx_word' id='word_1_177' title='bbox 375 2367 537 2521; x_wconf 60' lang='lat' dir='ltr'><strong>alsit</strong></span> <span class='ocrx_word' id='word_1_178' title='bbox 567 2355 710 2504; x_wconf 56' lang='lat'><strong>⁰532?</strong></span> <span class='ocrx_word' id='word_1_179' title='bbox 736 2351 1304 2518; x_wconf 49' lang='lat' dir='ltr'><strong>{tilletaltisaltis:</strong></span> <span class='ocrx_word' id='word_1_180' title='bbox 1326 2351 1399 2502; x_wconf 64' lang='grc' dir='ltr'><strong>ἓξὲξ</strong></span> 
     </span>
     <span class='ocr_line' id='line_1_25' title="bbox 279 2461 1419 2605; baseline 0.001 -22"><span class='ocrx_word' id='word_1_181' title='bbox 279 2519 493 2596; x_wconf 74' lang='lat' dir='ltr'><strong>combinat,</strong></span> <span class='ocrx_word' id='word_1_182' title='bbox 530 2461 650 2588; x_wconf 68' lang='lat' dir='ltr'><strong>orpdiue</strong></span> <span class='ocrx_word' id='word_1_183' title='bbox 672 2525 819 2605; x_wconf 89' lang='lat' dir='ltr'><strong>quodam</strong></span> <span class='ocrx_word' id='word_1_184' title='bbox 836 2461 985 2586; x_wconf 66' lang='lat' dir='ltr'><strong>¹inirabili</strong></span> <span class='ocrx_word' id='word_1_185' title='bbox 1006 2515 1221 2600; x_wconf 77' lang='lat' dir='ltr'><strong>mysticorum</strong></span> <span class='ocrx_word' id='word_1_186' title='bbox 1241 2516 1419 2584; x_wconf 86' lang='lat' dir='ltr'><strong>sensuum-</strong></span> 
     </span>
     <span class='ocr_line' id='line_1_26' title="bbox 304 2599 1396 2702; baseline 0.002 -38"><span class='ocrx_word' id='word_1_187' title='bbox 304 2599 489 2677; x_wconf 86' lang='lat' dir='ltr'><strong>leniffimo,</strong></span> <span class='ocrx_word' id='word_1_188' title='bbox 518 2603 626 2668; x_wconf 84' lang='lat' dir='ltr'><strong>veluti</strong></span> <span class='ocrx_word' id='word_1_189' title='bbox 647 2603 732 2668; x_wconf 86' lang='lat' dir='ltr'><strong>locia</strong></span> <span class='ocrx_word' id='word_1_190' title='bbox 756 2601 1032 2702; x_wconf 85' lang='lat' dir='ltr'><strong>temporibuaque</strong></span> <span class='ocrx_word' id='word_1_191' title='bbox 1053 2613 1187 2686; x_wconf 90' lang='lat' dir='ltr'><strong>peracta</strong></span> <span class='ocrx_word' id='word_1_192' title='bbox 1208 2601 1396 2666; x_wconf 85' lang='lat' dir='ltr'><strong>contexuit.</strong></span> 
     </span>
     <span class='ocr_line' id='line_1_27' title="bbox 278 2623 1397 2772; baseline 0.003 -23"><span class='ocrx_word' id='word_1_193' title='bbox 278 2623 395 2750; x_wconf 58' lang='lat' dir='ltr'><strong>Frimo</strong></span> <span class='ocrx_word' id='word_1_194' title='bbox 416 2686 531 2770; x_wconf 88' lang='lat' dir='ltr'><strong>itaque</strong></span> <span class='ocrx_word' id='word_1_195' title='bbox 552 2685 778 2772; x_wconf 81' lang='lat' dir='ltr'><strong>interrogatur</strong></span> <span class='ocrx_word' id='word_1_196' title='bbox 799 2709 874 2762; x_wconf 75' lang='lat' dir='ltr'><strong>vir,</strong></span> <span class='ocrx_word' id='word_1_197' title='bbox 909 2688 975 2750; x_wconf 89' lang='lat' dir='ltr'><strong>hoe</strong></span> <span class='ocrx_word' id='word_1_198' title='bbox 997 2682 1041 2747; x_wconf 84' lang='lat' dir='ltr'><strong>esi</strong></span> <span class='ocrx_word' id='word_1_199' title='bbox 1063 2681 1216 2758; x_wconf 61' lang='lat' dir='ltr'><strong>animun</strong></span> <span class='ocrx_word' id='word_1_200' title='bbox 1246 2705 1314 2750; x_wconf 90' lang='lat' dir='ltr'><strong>nec</strong></span> <span class='ocrx_word' id='word_1_201' title='bbox 1334 2686 1397 2752; x_wconf 89' lang='lat' dir='ltr'><strong>im·</strong></span> 
     </span>
     <span class='ocr_line' id='line_1_28' title="bbox 279 2766 1398 2939; baseline 0.002 -23"><span class='ocrx_word' id='word_1_202' title='bbox 279 2766 1398 2939; x_wconf 51' lang='lat' dir='ltr'><strong>msllnllllllllll‘illlam”illaedibile</strong></span> 
     </span>
     <span class='ocr_line' id='line_1_29' title="bbox 280 2873 1398 3026; baseline 0.002 -26"><span class='ocrx_word' id='word_1_203' title='bbox 280 2873 411 3003; x_wconf 64' lang='lat' dir='ltr'><strong>iacuit.</strong></span> <span class='ocrx_word' id='word_1_204' title='bbox 456 2940 505 3002; x_wconf 81' lang='lat' dir='ltr'><strong>Ac</strong></span> <span class='ocrx_word' id='word_1_205' title='bbox 535 2937 579 3001; x_wconf 87' lang='lat' dir='ltr'><strong>fic</strong></span> <span class='ocrx_word' id='word_1_206' title='bbox 607 2877 852 3026; x_wconf 54' lang='lat' dir='ltr'><strong>interrogaiurr</strong></span> <span class='ocrx_word' id='word_1_207' title='bbox 884 2939 990 3002; x_wconf 80' lang='lat' dir='ltr'><strong>Adam</strong></span> <span class='ocrx_word' id='word_1_208' title='bbox 1021 2930 1079 3020; x_wconf 91' lang='lat' dir='ltr'><strong>qui</strong></span> <span class='ocrx_word' id='word_1_209' title='bbox 1100 2933 1295 3020; x_wconf 88' lang='lat' dir='ltr'><strong>priuaquam</strong></span> <span class='ocrx_word' id='word_1_210' title='bbox 1319 2900 1398 3024; x_wconf 58' lang='lat' dir='ltr'><strong>pec1</strong></span> 
     </span>
     <span class='ocr_line' id='line_1_30' title="bbox 279 3016 1397 3105; baseline 0.001 -21"><span class='ocrx_word' id='word_1_211' title='bbox 279 3021 401 3098; x_wconf 84' lang='lat' dir='ltr'><strong>callae,</strong></span> <span class='ocrx_word' id='word_1_212' title='bbox 423 3021 511 3084; x_wconf 89' lang='lat' dir='ltr'><strong>ultra</strong></span> <span class='ocrx_word' id='word_1_213' title='bbox 532 3021 648 3086; x_wconf 87' lang='lat' dir='ltr'><strong>omnia</strong></span> <span class='ocrx_word' id='word_1_214' title='bbox 667 3023 743 3088; x_wconf 90' lang='lat' dir='ltr'><strong>loca</strong></span> <span class='ocrx_word' id='word_1_215' title='bbox 764 3035 971 3105; x_wconf 64' lang='lat' dir='ltr'><strong>atttempora</strong></span> <span class='ocrx_word' id='word_1_216' title='bbox 993 3016 1192 3082; x_wconf 79' lang='lat' dir='ltr'><strong>constitutur</strong></span> <span class='ocrx_word' id='word_1_217' title='bbox 1207 3018 1325 3095; x_wconf 83' lang='lat' dir='ltr'><strong>suerio,</strong></span> <span class='ocrx_word' id='word_1_218' title='bbox 1347 3043 1397 3085; x_wconf 87' lang='lat' dir='ltr'><strong>re·</strong></span> 
     </span>
     <span class='ocr_line' id='line_1_31' title="bbox 278 3099 1397 3190; baseline 0 -22"><span class='ocrx_word' id='word_1_219' title='bbox 278 3103 409 3190; x_wconf 84' lang='lat' dir='ltr'><strong>sponde</strong></span> <span class='ocrx_word' id='word_1_220' title='bbox 430 3125 525 3178; x_wconf 82' lang='lat' dir='ltr'><strong>nuuc</strong></span> <span class='ocrx_word' id='word_1_221' title='bbox 546 3104 810 3190; x_wconf 78' lang='lat' dir='ltr'><strong>praevaricator,</strong></span> <span class='ocrx_word' id='word_1_222' title='bbox 832 3103 893 3167; x_wconf 89' lang='lat' dir='ltr'><strong>ubi</strong></span> <span class='ocrx_word' id='word_1_223' title='bbox 915 3103 974 3167; x_wconf 81' lang='lat' dir='ltr'><strong>aas</strong></span> <span class='ocrx_word' id='word_1_224' title='bbox 1004 3103 1085 3164; x_wconf 78' lang='lat' dir='ltr'><strong>Erae</strong></span> <span class='ocrx_word' id='word_1_225' title='bbox 1107 3099 1144 3163; x_wconf 90' lang='lat' dir='ltr'><strong>in</strong></span> <span class='ocrx_word' id='word_1_226' title='bbox 1166 3099 1279 3176; x_wconf 77' lang='lat' dir='ltr'><strong>coelo,</strong></span> <span class='ocrx_word' id='word_1_227' title='bbox 1312 3105 1397 3168; x_wconf 88' lang='lat' dir='ltr'><strong>ficut</strong></span> 
     </span>
     <span class='ocr_line' id='line_1_32' title="bbox 281 3182 1397 3288; baseline 0.002 -38"><span class='ocrx_word' id='word_1_228' title='bbox 281 3189 433 3288; x_wconf 69' lang='lat' dir='ltr'><strong>angelica</strong></span> <span class='ocrx_word' id='word_1_229' title='bbox 462 3204 613 3253; x_wconf 88' lang='lat' dir='ltr'><strong>creatura</strong></span> <span class='ocrx_word' id='word_1_230' title='bbox 642 3193 785 3264; x_wconf 80' lang='lat' dir='ltr'><strong>beatur,</strong></span> <span class='ocrx_word' id='word_1_231' title='bbox 813 3186 963 3252; x_wconf 87' lang='lat' dir='ltr'><strong>nuncin</strong></span> <span class='ocrx_word' id='word_1_232' title='bbox 988 3182 1157 3261; x_wconf 75' lang='lat' dir='ltr'><strong>territet,</strong></span> <span class='ocrx_word' id='word_1_233' title='bbox 1190 3184 1275 3249; x_wconf 84' lang='lat' dir='ltr'><strong>stcut</strong></span> <span class='ocrx_word' id='word_1_234' title='bbox 1297 3189 1397 3252; x_wconf 89' lang='lat' dir='ltr'><strong>bruta</strong></span> 
     </span>
     <span class='ocr_line' id='line_1_33' title="bbox 280 3267 1397 3356; baseline -0.001 -21"><span class='ocrx_word' id='word_1_235' title='bbox 280 3271 438 3340; x_wconf 76' lang='lat' dir='ltr'><strong>animalia</strong></span> <span class='ocrx_word' id='word_1_236' title='bbox 467 3272 640 3356; x_wconf 82' lang='lat' dir='ltr'><strong>superbae.</strong></span> <span class='ocrx_word' id='word_1_237' title='bbox 692 3273 809 3336; x_wconf 88' lang='lat' dir='ltr'><strong>Sermo</strong></span> <span class='ocrx_word' id='word_1_238' title='bbox 841 3267 1052 3334; x_wconf 87' lang='lat' dir='ltr'><strong>convertitur</strong></span> <span class='ocrx_word' id='word_1_239' title='bbox 1073 3269 1114 3331; x_wconf 92' lang='lat' dir='ltr'><strong>ad</strong></span> <span class='ocrx_word' id='word_1_240' title='bbox 1135 3267 1327 3353; x_wconf 83' lang='lat' dir='ltr'><strong>mulierem,</strong></span> <span class='ocrx_word' id='word_1_241' title='bbox 1362 3285 1397 3335; x_wconf 90' lang='lat' dir='ltr'><strong>et</strong></span> 
     </span>
     <span class='ocr_line' id='line_1_34' title="bbox 279 3351 1397 3442; baseline -0.001 -22"><span class='ocrx_word' id='word_1_242' title='bbox 279 3356 321 3420; x_wconf 90' lang='lat' dir='ltr'><strong>ab</strong></span> <span class='ocrx_word' id='word_1_243' title='bbox 350 3377 389 3420; x_wconf 88' lang='lat' dir='ltr'><strong>ea</strong></span> <span class='ocrx_word' id='word_1_244' title='bbox 421 3353 613 3440; x_wconf 87' lang='lat' dir='ltr'><strong>quaeritur,</strong></span> <span class='ocrx_word' id='word_1_245' title='bbox 647 3375 708 3418; x_wconf 86' lang='lat' dir='ltr'><strong>cur</strong></span> <span class='ocrx_word' id='word_1_246' title='bbox 733 3355 777 3420; x_wconf 89' lang='lat' dir='ltr'><strong>sic</strong></span> <span class='ocrx_word' id='word_1_247' title='bbox 799 3354 942 3418; x_wconf 75' lang='lat' dir='ltr'><strong>lecerit?</strong></span> <span class='ocrx_word' id='word_1_248' title='bbox 976 3351 1041 3416; x_wconf 88' lang='lat' dir='ltr'><strong>Ubi</strong></span> <span class='ocrx_word' id='word_1_249' title='bbox 1056 3355 1271 3426; x_wconf 83' lang='lat' dir='ltr'><strong>notandum,</strong></span> <span class='ocrx_word' id='word_1_250' title='bbox 1303 3356 1397 3442; x_wconf 88' lang='lat' dir='ltr'><strong>quod</strong></span> 
     </span>
     <span class='ocr_line' id='line_1_35' title="bbox 221 3433 1395 3522; baseline -0.001 -20"><span class='ocrx_word' id='word_1_251' title='bbox 221 3509 225 3518; x_wconf 17' lang='lat' dir='ltr'><strong>q</strong></span> <span class='ocrx_word' id='word_1_252' title='bbox 278 3459 352 3517; x_wconf 83' lang='lat' dir='ltr'><strong>nott</strong></span> <span class='ocrx_word' id='word_1_253' title='bbox 381 3435 556 3504; x_wconf 73' lang='lat' dir='ltr'><strong>confestim</strong></span> <span class='ocrx_word' id='word_1_254' title='bbox 583 3437 657 3504; x_wconf 89' lang='lat' dir='ltr'><strong>viro</strong></span> <span class='ocrx_word' id='word_1_255' title='bbox 680 3453 714 3501; x_wconf 91' lang='lat' dir='ltr'><strong>et</strong></span> <span class='ocrx_word' id='word_1_256' title='bbox 734 3437 869 3503; x_wconf 86' lang='lat' dir='ltr'><strong>mulieri</strong></span> <span class='ocrx_word' id='word_1_257' title='bbox 891 3433 1057 3502; x_wconf 83' lang='lat' dir='ltr'><strong>sententia</strong></span> <span class='ocrx_word' id='word_1_258' title='bbox 1080 3433 1284 3522; x_wconf 77' lang='lat' dir='ltr'><strong>inquirentis</strong></span> <span class='ocrx_word' id='word_1_259' title='bbox 1306 3437 1395 3518; x_wconf 81' lang='lat' dir='ltr'><strong>judi·</strong></span> 
     </span>
     <span class='ocr_line' id='line_1_36' title="bbox 279 3519 1394 3618; baseline 0.001 -33"><span class='ocrx_word' id='word_1_260' title='bbox 279 3520 328 3586; x_wconf 86' lang='lat' dir='ltr'><strong>cia</strong></span> <span class='ocrx_word' id='word_1_261' title='bbox 357 3522 542 3618; x_wconf 81' lang='lat' dir='ltr'><strong>profertur,</strong></span> <span class='ocrx_word' id='word_1_262' title='bbox 577 3521 634 3585; x_wconf 89' lang='lat' dir='ltr'><strong>sed</strong></span> <span class='ocrx_word' id='word_1_263' title='bbox 663 3521 770 3586; x_wconf 87' lang='lat' dir='ltr'><strong>veluti</strong></span> <span class='ocrx_word' id='word_1_264' title='bbox 801 3521 945 3608; x_wconf 90' lang='lat' dir='ltr'><strong>spatium</strong></span> <span class='ocrx_word' id='word_1_265' title='bbox 973 3519 1147 3604; x_wconf 89' lang='lat' dir='ltr'><strong>improbae</strong></span> <span class='ocrx_word' id='word_1_266' title='bbox 1169 3519 1394 3586; x_wconf 69' lang='lat' dir='ltr'><strong>excusationis</strong></span> 
     </span>
     <span class='ocr_line' id='line_1_37' title="bbox 279 3601 1396 3771; baseline 0.002 -21"><span class='ocrx_word' id='word_1_267' title='bbox 279 3601 1396 3771; x_wconf 46' lang='lat' dir='ltr'><strong>5:5¹ellim?”lilla⁰:3¹{strillttllsdd&#39;l’szt</strong></span> 
     </span>
     <span class='ocr_line' id='line_1_38' title="bbox 204 3713 1394 3886; baseline -0.001 -50"><span class='ocrx_word' id='word_1_268' title='bbox 204 3757 208 3768; x_wconf 53' lang='lat'>¹</span> <span class='ocrx_word' id='word_1_269' title='bbox 276 3771 337 3836; x_wconf 85' lang='lat' dir='ltr'><strong>ille</strong></span> <span class='ocrx_word' id='word_1_270' title='bbox 358 3770 602 3886; x_wconf 48' lang='lat' dir='ltr'><strong>inquogatun</strong></span> <span class='ocrx_word' id='word_1_271' title='bbox 634 3795 699 3838; x_wconf 87' lang='lat' dir='ltr'><strong>nec</strong></span> <span class='ocrx_word' id='word_1_272' title='bbox 722 3773 754 3838; x_wconf 91' lang='lat' dir='ltr'><strong>ei</strong></span> <span class='ocrx_word' id='word_1_273' title='bbox 774 3713 1139 3858; x_wconf 68' lang='lat' dir='ltr'><strong>spatiumpremotionia</strong></span> <span class='ocrx_word' id='word_1_274' title='bbox 1161 3735 1288 3856; x_wconf 49' lang='lat' dir='ltr'><strong>culpae,</strong></span> <span class='ocrx_word' id='word_1_275' title='bbox 1301 3791 1394 3857; x_wconf 89' lang='lat' dir='ltr'><strong>prae·</strong></span> 
     </span>
     <span class='ocr_line' id='line_1_39' title="bbox 279 3851 1394 3944; baseline -0.002 -24"><span class='ocrx_word' id='word_1_276' title='bbox 279 3857 398 3928; x_wconf 82' lang='lat' dir='ltr'><strong>betur.</strong></span> <span class='ocrx_word' id='word_1_277' title='bbox 460 3877 516 3920; x_wconf 86' lang='lat' dir='ltr'><strong>ura</strong></span> <span class='ocrx_word' id='word_1_278' title='bbox 537 3879 609 3922; x_wconf 88' lang='lat' dir='ltr'><strong>non</strong></span> <span class='ocrx_word' id='word_1_279' title='bbox 631 3856 763 3944; x_wconf 89' lang='lat' dir='ltr'><strong>potuit,</strong></span> <span class='ocrx_word' id='word_1_280' title='bbox 796 3879 901 3944; x_wconf 89' lang='lat' dir='ltr'><strong>quum</strong></span> <span class='ocrx_word' id='word_1_281' title='bbox 922 3851 1147 3943; x_wconf 85' lang='lat' dir='ltr'><strong>primordialia</strong></span> <span class='ocrx_word' id='word_1_282' title='bbox 1170 3855 1266 3918; x_wconf 89' lang='lat' dir='ltr'><strong>causa</strong></span> <span class='ocrx_word' id='word_1_283' title='bbox 1290 3853 1394 3919; x_wconf 85' lang='lat' dir='ltr'><strong>totiur</strong></span> 
     </span>
     <span class='ocr_line' id='line_1_40' title="bbox 278 3935 1393 4022; baseline -0.002 -18"><span class='ocrx_word' id='word_1_284' title='bbox 278 3938 429 4006; x_wconf 88' lang='lat' dir='ltr'><strong>malitiae</strong></span> <span class='ocrx_word' id='word_1_285' title='bbox 489 3939 533 4017; x_wconf 85' lang='lat' dir='ltr'><strong>it;</strong></span> <span class='ocrx_word' id='word_1_286' title='bbox 573 3942 629 4006; x_wconf 89' lang='lat' dir='ltr'><strong>sed</strong></span> <span class='ocrx_word' id='word_1_287' title='bbox 651 3940 818 4022; x_wconf 80' lang='lat' dir='ltr'><strong>continuo</strong></span> <span class='ocrx_word' id='word_1_288' title='bbox 839 3938 1041 4006; x_wconf 88' lang='lat' dir='ltr'><strong>sententiam</strong></span> <span class='ocrx_word' id='word_1_289' title='bbox 1062 3935 1136 4016; x_wconf 85' lang='lat' dir='ltr'><strong>julli</strong></span> <span class='ocrx_word' id='word_1_290' title='bbox 1155 3937 1281 4018; x_wconf 89' lang='lat' dir='ltr'><strong>judicia</strong></span> <span class='ocrx_word' id='word_1_291' title='bbox 1305 3937 1393 4002; x_wconf 82' lang='lat' dir='ltr'><strong>sulii·</strong></span> 
     </span>
     <span class='ocr_line' id='line_1_41' title="bbox 277 4021 1392 4113; baseline -0.003 -24"><span class='ocrx_word' id='word_1_292' title='bbox 277 4021 367 4089; x_wconf 85' lang='lat' dir='ltr'><strong>nuit.</strong></span> <span class='ocrx_word' id='word_1_293' title='bbox 396 4023 454 4088; x_wconf 79' lang='lat' dir='ltr'><strong>Ait</strong></span> <span class='ocrx_word' id='word_1_294' title='bbox 478 4023 571 4113; x_wconf 87' lang='lat' dir='ltr'><strong>enim</strong></span> <span class='ocrx_word' id='word_1_295' title='bbox 591 4029 684 4089; x_wconf 88' lang='lat' dir='ltr'><strong>Deua</strong></span> <span class='ocrx_word' id='word_1_296' title='bbox 706 4027 749 4091; x_wconf 88' lang='lat' dir='ltr'><strong>ad</strong></span> <span class='ocrx_word' id='word_1_297' title='bbox 769 4025 974 4111; x_wconf 78' lang='lat' dir='ltr'><strong>serpentem:</strong></span> <span class='ocrx_word' id='word_1_298' title='bbox 994 4023 1073 4108; x_wconf 83' lang='lat' dir='ltr'><strong>quia</strong></span> <span class='ocrx_word' id='word_1_299' title='bbox 1114 4025 1163 4083; x_wconf 82' lang='lat' dir='ltr'><strong>eci</strong></span> <span class='ocrx_word' id='word_1_300' title='bbox 1194 4025 1303 4101; x_wconf 80' lang='lat' dir='ltr'><strong>istoc,</strong></span> <span class='ocrx_word' id='word_1_301' title='bbox 1327 4043 1392 4085; x_wconf 83' lang='lat' dir='ltr'><strong>ma·</strong></span> 
     </span>
     <span class='ocr_line' id='line_1_42' title="bbox 278 4103 1392 4183; baseline -0.004 -11"><span class='ocrx_word' id='word_1_302' title='bbox 278 4107 422 4174; x_wconf 70' lang='lat' dir='ltr'><strong>sadiattes</strong></span> <span class='ocrx_word' id='word_1_303' title='bbox 442 4130 478 4174; x_wconf 81' lang='lat' dir='ltr'><strong>ar</strong></span> <span class='ocrx_word' id='word_1_304' title='bbox 496 4111 586 4174; x_wconf 83' lang='lat' dir='ltr'><strong>inter</strong></span> <span class='ocrx_word' id='word_1_305' title='bbox 604 4111 714 4176; x_wconf 82' lang='lat' dir='ltr'><strong>omnia</strong></span> <span class='ocrx_word' id='word_1_306' title='bbox 733 4112 939 4183; x_wconf 79' lang='lat' dir='ltr'><strong>animantia,</strong></span> <span class='ocrx_word' id='word_1_307' title='bbox 961 4120 995 4170; x_wconf 81' lang='lat' dir='ltr'><strong>er</strong></span> <span class='ocrx_word' id='word_1_308' title='bbox 1016 4105 1056 4168; x_wconf 79' lang='lat' dir='ltr'><strong>be</strong></span> <span class='ocrx_word' id='word_1_309' title='bbox 1088 4109 1140 4170; x_wconf 83' lang='lat' dir='ltr'><strong>iar</strong></span> <span class='ocrx_word' id='word_1_310' title='bbox 1158 4119 1277 4170; x_wconf 79' lang='lat' dir='ltr'><strong>terrae.</strong></span> <span class='ocrx_word' id='word_1_311' title='bbox 1313 4103 1392 4171; x_wconf 81' lang='lat' dir='ltr'><strong>Ani·</strong></span> 
     </span>
     <span class='ocr_line' id='line_1_43' title="bbox 278 4187 1392 4291; baseline -0.004 -31"><span class='ocrx_word' id='word_1_312' title='bbox 278 4195 469 4270; x_wconf 78' lang='lat' dir='ltr'><strong>midverte,</strong></span> <span class='ocrx_word' id='word_1_313' title='bbox 490 4196 585 4283; x_wconf 86' lang='lat' dir='ltr'><strong>quod</strong></span> <span class='ocrx_word' id='word_1_314' title='bbox 604 4213 720 4281; x_wconf 80' lang='lat' dir='ltr'><strong>nequa</strong></span> <span class='ocrx_word' id='word_1_315' title='bbox 737 4190 812 4261; x_wconf 86' lang='lat' dir='ltr'><strong>viro</strong></span> <span class='ocrx_word' id='word_1_316' title='bbox 833 4212 945 4280; x_wconf 87' lang='lat' dir='ltr'><strong>neque</strong></span> <span class='ocrx_word' id='word_1_317' title='bbox 964 4187 1119 4269; x_wconf 74' lang='lat' dir='ltr'><strong>mulieri,</strong></span> <span class='ocrx_word' id='word_1_318' title='bbox 1160 4189 1217 4258; x_wconf 89' lang='lat' dir='ltr'><strong>sad</strong></span> <span class='ocrx_word' id='word_1_319' title='bbox 1239 4190 1309 4291; x_wconf 82' lang='lat' dir='ltr'><strong>solo</strong></span> <span class='ocrx_word' id='word_1_320' title='bbox 1330 4189 1392 4255; x_wconf 84' lang='lat' dir='ltr'><strong>ser·</strong></span> 
     </span>
    </p>
   </div>
   <div class='ocr_carea' id='block_1_3' title="bbox 0 0 1490 4826">
    <p class='ocr_par' dir='ltr' id='par_1_3' title="bbox 0 0 1490 4826">
     <span class='ocr_line' id='line_1_44' title="bbox 0 0 1490 4826; baseline 0 2"><span class='ocrx_word' id='word_1_321' title='bbox 0 0 1490 4826; x_wconf 95' lang='lat' dir='ltr'><strong> </strong></span> 
     </span>
    </p>
   </div>
  </div>
 </body>
</html>
