2866 4822
226 329 230 342 Ι
305 217 387 304 m
466 327 473 345 .
640 231 695 300 sle
716 231 896 302 llioicionc
915 225 1090 302 Natum.

308 413 485 483 dominum
517 429 551 488 et
579 415 777 482 servientem
805 416 864 482 ubi
896 411 1161 502 inseparabiliter
1194 415 1332 484 snid'e:
1366 439 1419 482 nor

331 501 578 566 uod-creatura
603 499 765 575 creatori,
802 515 841 563 ut
868 498 1014 564 servient
1048 498 1207 575 domino,
1244 517 1419 566 coaeterua

299 523 364 666 in
393 597 523 648 creator
552 582 712 670 liquidem
739 575 946 658 creaturam,
976 597 1016 646 et
1036 581 1194 648 dominor
1218 583 1419 648 servientem

307 665 505 730 aeternitate
531 666 736 750 praecedit‚-
753 685 824 730 non
854 681 1024 752 tempore,
1059 665 1117 730 sed
1138 681 1176 729 ea
1198 666 1354 732 ratione
1374 689 1419 753 qua

224 813 226 820 Α
307 761 438 815 creator
461 765 494 812 et
514 749 682 814 Dominus
703 747 909 836 principium
932 757 1102 813 creaturae
1124 763 1158 813 et
1173 748 1419 815 servientium

104 879 108 910 ,
183 840 187 852 “
306 837 437 897 erector
457 847 569 896 autem
591 848 625 896 et
645 831 814 896 Dominus
836 827 1032 924 Ἂναρχος,
1055 835 1122 895 hoc
1140 832 1329 898 estcerena
1346 835 1419 930 prio

228 1025 237 1042 ·
271 1049 274 1058 .
304 935 417 1062 llll
445 917 1416 1074 lllltlmntlltli’lllmtlllttttmolsszll

305 1079 509 1146 Trinitatem
541 1103 644 1146 unam
675 1081 844 1146 essentiam
875 1081 911 1146 in
943 1081 1050 1145 tribua
1081 1081 1304 1158 substantii„
1352 1105 1416 1170 quae

307 1166 388 1230 dum
420 1186 481 1249 per
510 1163 541 1228 se
564 1165 752 1252 cogitatur.
784 1166 871 1230 solue
893 1163 928 1228 in
951 1185 989 1228 ea
1010 1165 1108 1228 Putet
1130 1159 1303 1255 ἔναρχος
1328 1168 1414 1231 credi·

305 1261 379 1324 tun
401 1269 480 1312 nato
502 1246 607 1313 Filiua
630 1263 663 1312 et
685 1245 829 1334 Spiritus
851 1249 994 1314 Sanctua
1014 1267 1084 1310 non
1103 1248 1247 1312 omnino
1269 1245 1414 1340 dvapqu

305 1329 399 1404 sont,
424 1333 505 1396 dum
525 1329 750 1419 principium,
773 1333 906 1396 Patrem
929 1329 1017 1404 dico,
1039 1333 1175 1394 habent.
1203 1331 1328 1399 Filius
1342 1341 1419 1397 nam'

306 1433 373 1561 que
400 1415 440 1480 ab
473 1413 545 1501 ipso
570 1431 748 1502 generatus
770 1415 834 1490 eli,
865 1416 1007 1479 Sanctus
1029 1433 1110 1478 vero
1133 1413 1289 1498 spirituo
1315 1439 1415 1504 procu

330 1517 399 1561 ena.
441 1499 489 1562 M.
511 1496 746 1562 Primordialeo
768 1498 879 1562 causae
903 1497 939 1566 in
964 1501 1038 1560 Deo
1060 1493 1277 1563 solummodo
1302 1517 1412 1564 creata

306 1579 418 1655 soille,
454 1601 493 1645 ae
519 1581 669 1646 Domino
691 1581 750 1644 suo
773 1580 918 1653 tetvitre,
952 1595 1157 1647 nouantem
1181 1601 1308 1648 earum
1334 1583 1412 1647 effet·

303 1677 360 1726 tua
382 1660 503 1748 quibua
525 1666 617 1728 hunc
638 1661 822 1728 sensibilem
845 1665 1009 1729 mundum
1033 1663 1256 1750 compositum
1282 1688 1364 1730 non
1379 1667 1419 1728 ῐιι-ἶ

304 1766 455 1830 congrue
475 1745 660 1820 credimur,
695 1745 880 1821 arbitraris,
914 1761 954 1809 nt
975 1744 1108 1831 opinor.
1150 1749 1192 1810 D.
1217 1749 1307 1813 Non
1333 1749 1419 1830 aliter

177 1845 181 1856 ¹
305 1827 457 1892 arbitror.
503 1829 624 1894 Causae
647 1827 772 1893 etenim
794 1851 904 1893 rerum
928 1829 1056 1914 semper
1078 1844 1203 1893 creatae
1225 1831 1355 1907 fuisse,
1377 1855 1412 1894 ea

303 1933 380 1976 rum
400 1933 482 1977 vero
503 1912 642 1977 effectur
664 1911 813 1976 definitio
832 1914 983 1997 locorum
1007 1933 1046 1976 ao
1068 1927 1259 1998 temporum
1281 1915 1410 1980 interii

304 1991 363 2058 tiit
392 1992 429 2060 in
462 1997 554 2060 hune
585 1998 752 2061 mundum
781 1993 965 2082 procellilso
987 2011 1020 2058 et
1041 1999 1152 2060 adhuc
1171 2002 1367 2081 procedere
1387 2013 1409 2059 et

302 2079 507 2165 prooeffuroa
534 2079 597 2143 esse
628 2077 761 2165 opinor.
802 2080 850 2141 M.
885 2081 977 2142 Haec
1010 2077 1128 2164 opinio
1157 2099 1273 2165 neque
1317 2104 1338 2146 a
1358 2082 1409 2146 fide

303 2161 469 2227 catholica
498 2184 543 2227 ne
567 2183 610 2226 uo
638 2184 714 2226 vera
744 2159 968 2248 intelligentia
1000 2164 1156 2225 recedere
1187 2161 1407 2244 cxih'mandc

304 2238 398 2330 Quid
428 2185 564 2332 igiturs
591 2245 740 2328 Putasne
761 2245 874 2318 causae
896 2244 1106 2310 solummodo
1127 2255 1408 2312 rerunfaeternu

303 2326 416 2400 suilse.
438 2328 578 2392 effectur
599 2349 681 2391 vero
706 2348 818 2391 earum
841 2328 1061 2412 temporalea;
1097 2347 1136 2392 ac
1159 2349 1220 2414 per
1242 2333 1405 2396 bociola

301 2409 415 2472 causac
437 2411 564 2495 semper
583 2410 769 2485 mansurae,
789 2409 931 2474 effectur
951 2429 1053 2490 uero¹
1078 2411 1251 2476 orituroai
1307 2419 1351 2479 D.
1372 2419 1405 2478 lu

302 2492 431 2590 semper
461 2492 609 2578 cogitare
638 2492 753 2557 solitua
787 2509 894 2568 eram
929 2494 984 2558 sed
1006 2435 1177 2580 poiquam
1198 2498 1311 2574 hujne
1333 2517 1404 2584 pne

302 2575 405 2639 sentia
427 2574 668 2662 disputationia
689 2574 839 2640 semitam
861 2591 973 2640 tecum
996 2599 1132 2664 carpere
1152 2576 1345 2657 inchoavi,
1372 2601 1405 2643 rr

302 2655 408 2722 tionia
435 2679 576 2724 acumen
606 2666 645 2723 ac
673 2657 780 2724 veluti
812 2645 1017 2724 inevitabilia
1038 2681 1150 2725 rerum
1171 2663 1404 2752 consequentia

211 2784 216 2794 ·
301 2740 418 2827 coepit
437 2764 492 2808 nte
513 2744 700 2819 attrahere,
728 2757 768 2806 ut
787 2763 858 2806 non
880 2743 985 2832 solum
1008 2745 1138 2818 causac,
1167 2765 1293 2811 verum
1319 2748 1403 2812 etim

206 2841 211 2862 ·
301 2843 416 2890 earum
438 2824 682 2914 prooeffionea‚
713 2847 794 2912 quaa
817 2825 983 2912 sapienter
1006 2826 1145 2892 effectae
1165 2845 1317 2906 vocant,
1348 2851 1404 2917 per·

208 2921 220 2932 “
301 2907 483 2996 petudliter
509 2911 737 2997 permansurae
759 2907 991 2984 concelicrirn;
1027 2929 1068 2974 eo
1089 2923 1201 2976 tamen
1229 2928 1357 2978 tenore
1376 2927 1403 2974 rt

298 2991 491 3140 iiiiii?
517 2991 741 3162 tillut:
773 2991 1033 3142 *ttulit
1064 2993 1179 3142 {illl
1193 2997 1403 3144 llztesslt

298 3157 411 3224 video.
455 3163 496 3222 D.
529 3162 658 3247 Negare
687 3180 756 3224 non
786 3159 926 3246 polluto.
970 3161 1055 3224 Natu
1089 3181 1174 3248 quae
1203 3183 1265 3248 per
1297 3187 1355 3228 nte
1374 3165 1404 3224 dt

249 3237 256 3247 '
300 3241 371 3307 hia.
389 3243 596 3327 cogitabam.
627 3265 705 3307 vera
726 3243 813 3306 ratio
834 3258 964 3307 mutare
985 3243 1096 3330 cogit3
1131 3243 1316 3390 incoquita
1338 3265 1402 3310 reto

320 3344 384 3393 uae
404 3325 619 3390 introducere
639 3325 702 3400 vis,
724 3328 878 3392 nondum
900 3325 985 3390 mihi
999 3326 1128 3414 liquide
1143 3343 1221 3414 pote
1238 3334 1419 3412 uetadun

297 3347 348 3472 it.
371 3407 437 3472 Dic
458 3409 578 3492 quaeso
600 3409 683 3496 quid
702 3429 787 3495 pure
807 3407 1001 3496 liquideque
1022 3411 1202 3498 perspicia.
1226 3429 1260 3474 et
1281 3417 1329 3479 de
1345 3410 1404 3501 qui·

296 3493 360 3555 bur
384 3493 495 3556 adhuc
515 3508 575 3556 ant
619 3491 730 3556 enitua
753 3493 901 3568 titubat,
924 3510 982 3558 aut
1003 3493 1125 3594 partim
1147 3494 1344 3581 intelligere
1364 3497 1400 3558 iu·

297 3571 563 3722 zipipffupqptinlr)
574 3516 759 3724 ‘'iicu‘iufi‘
782 3591 882 3723 atque
903 3577 1069 3724 sqlrttilrpaa
1088 3578 1197 3726 ecifqrn
1219 3594 1302 3645 tuae
1323 3601 1402 3646 men·

345 3689 349 3696 ¹
485 3703 493 3721 .
565 3705 574 3722 .
709 3681 732 3722 u
1379 3685 1401 3723 r·

294 3679 468 3838 rentibus:
486 3757 520 3806 et
545 3742 582 3807 in
604 3681 779 3808 isfiiitunl
794 3677 1399 3892 qeeffipuerriupcqqqpppgquqqn.

296 3839 341 3886 tra
370 3843 464 3888 meae
493 3827 669 3891 contuitus
698 3825 877 3914 caliginem
898 3827 1043 3914 patitur:
1076 3831 1163 3894 clere
1208 3830 1351 3913 quidem
1371 3849 1400 3890 at

295 3907 365 3972 fine
386 3907 454 3986 ullu
474 3911 597 3974 nebula
619 3909 704 3976 illud
725 3909 881 3985 intueor,
905 3931 943 3976 ea
964 3912 1108 3977 maxime
1127 3912 1261 3978 ratione
1283 3918 1397 3980 duent

296 4011 362 4077 qua
386 3990 422 4054 in
445 3991 609 4078 sapientie
631 3993 747 4060 diuina
768 4011 894 4060 creatae
917 3997 1072 4060 ellenon
1094 3997 1201 4062 solnm
1218 4001 1336 4073 credo,
1356 4017 1399 4059 vt·

291 4095 370 4140 rum
403 4073 505 4140 etiarn
534 4075 689 4164 intelligo
719 4076 966 4144 incunctanter.
1008 4081 1095 4144 Nam
1124 4101 1226 4145 omne
1257 4085 1352 4168 quod
1369 4077 1396 4140 in

284 4156 459 4244 sapientia
480 4158 596 4226 divina
617 4158 767 4230 creatum
789 4162 946 4241 touton,
979 4165 1092 4230 nullut
1103 4183 1183 4247 ⁸non
1204 4163 1334 4251 impiua
1354 4160 1395 4226 vel
