3048 4856
551 217 661 290 mter
685 159 842 290 ueram
1173 217 1251 289 eoa
1326 241 1348 308 ,ι

77 417 83 425 ·
131 401 217 470 dicit
237 403 346 480 ratio,
369 423 575 492 cognoscere
596 419 710 471 autem
731 403 823 468 luem
841 401 1052 468 volontatem
1073 401 1250 468 dominum

130 488 262 573 semper
296 487 393 575 pium
426 488 539 554 dicere
568 504 603 553 et
631 488 752 570 julium
782 487 842 566 οὓς
882 487 1149 573 unumquodque
1169 507 1250 552 vero

134 591 251 636 corum
285 593 371 659 quae
401 569 491 638 iacta
518 572 597 636 lunt
625 573 744 636 voleus
774 571 867 637 fecit.
910 569 1017 657 Igitur
1037 585 1076 634 ut
1097 569 1170 634 suae
1190 591 1281 635 von

129 656 281 720 luntatct
320 653 479 720 dominor
507 653 684 743 cognoscit
715 676 754 720 eu
783 677 869 742 quae
895 655 992 727 lunt,
1025 652 1186 752 quoniam
1217 668 1252 716 et

129 740 252 803 volent
275 759 314 802 ea
336 759 421 824 quae
438 739 517 802 [unt
533 738 625 804 iecit.
657 740 707 803 Μ.
727 739 1023 824 Quemadmodum
1040 737 1146 824 agitur
1159 739 1250 804 Deua

67 861 73 868 ·
131 822 209 886 luat
229 823 423 887 voluntates
443 821 556 898 videt.
588 823 637 886 ito
658 837 693 886 et
714 843 752 886 ea
775 845 860 909 quae
881 820 964 887 fecit
984 819 1103 884 videt?
1134 823 1177 885 D.
1202 826 1251 886 lta

133 905 274 992 quidem
303 921 339 970 et
369 927 441 970 non
473 904 579 970 aliter.
621 907 701 972 Non
729 921 842 970 nutem
871 921 911 969 ut
940 903 999 968 inli
1026 903 1133 968 ientee
1155 919 1252 969 autu·

127 1003 227 1052 mont
247 1009 309 1086 per
329 989 461 1054 lenium
481 988 670 1066 sentibitia,
707 1011 819 1076 neque
839 1011 900 1077 per
921 929 1132 1052 intellectum
1152 987 1252 1054 intel-

128 1071 287 1160 ligibilia,
307 1072 364 1136 led
381 1075 665 1159 quemadmodum
681 1072 970 1146 incommutatae,
987 1071 1250 1136 italenlibiliaet

53 1156 55 1162 '
127 1154 361 1242 intelligibilia
380 1155 485 1220 videt.
508 1159 556 1220 M.
574 1157 725 1221 Hancao
766 1155 1014 1242 ureintelligio,
1033 1155 1251 1220 leddicaefle·
1305 1169 1311 1183 ·

128 1238 216 1326 gito,
236 1255 349 1304 utrum
368 1237 461 1303 aliud
476 1179 898 1305 [untdivinacvoluntateo
907 1243 1089 1326 quasDeue
1098 1239 1203 1316 videt,
1216 1255 1251 1306 et

130 1321 227 1386 aliud
255 1321 343 1386 facta
400 1343 464 1386 uae
484 1337 525 1386 ut
545 1323 618 1387 luae
640 1325 833 1389 voluntates
855 1323 977 1388 videet
993 1326 1054 1386 Ἰ).
1077 1325 1154 1388 Non
1177 1323 1249 1388 sum

128 1405 277 1469 idoneus
312 1403 370 1492 qui
417 1404 474 1470 uic
519 1405 717 1494 ropolitioni
739 1406 816 1472 latio
837 1423 996 1493 recteque
1016 1406 1247 1492 respondeum.

130 1489 296 1553 Coarctor
317 1488 408 1552 euim
431 1510 478 1552 un
504 1489 516 1552 i
540 1511 584 1553 ue
605 1513 684 1555 nem
706 1491 730 1555 fi
751 1489 866 1555 dixero
889 1489 992 1562 atiud.
1002 1511 1081 1554 mox
1096 1490 1248 1556 dicturus

130 1571 210 1635 erio.
254 1573 332 1636 Non
353 1592 432 1659 ergo
453 1588 494 1636 ut
508 1511 587 1661 [ιιι
609 1575 804 1639 voluntates
823 1577 916 1638 Deua
937 1572 1033 1638 videt
1049 1592 1134 1659 quae
1151 1573 1265 1658 fecit„

129 1659 172 1718 lu
205 1652 337 1718 diverfia
367 1654 458 1719 enim
487 1671 674 1744 naturaque
707 1655 941 1723 differentibus
962 1679 1030 1720 unu
1052 1678 1091 1720 ac
1111 1657 1248 1742 simplex

129 1735 215 1800 vilio
237 1736 308 1800 fieri
330 1759 400 1804 non
422 1739 538 1824 potest.
581 1743 626 1804 Et
646 1742 840 1808 concludet.
880 1738 1008 1804 Divina
1031 1753 1144 1802 autern
1165 1739 1247 1803 vifio

129 1819 270 1906 fimgdex
303 1819 347 1882 est
371 1833 405 1882 et
426 1831 553 1881 una·et
572 1823 764 1904 uniformit.
812 1823 919 1908 Igitur
939 1823 963 1884 [ι
985 1819 1078 1884 aliud
1100 1821 1144 1884 cll
1165 1820 1249 1886 divi·

129 1923 179 1968 na
206 1903 385 1977 volumno,
423 1915 458 1964 et
488 1898 700 1999 aliud'quod
733 1901 833 1979 fecit,
872 1923 943 1985 non
971 1918 1013 1966 ut
1036 1904 1248 1972 voluntatem

131 1988 227 2051 luam
257 1985 361 2049 videt.
405 1982 441 2048 Si
463 1999 577 2046 nutem
595 1982 740 2048 dixerim
762 2006 834 2050 non
857 1985 967 2060 aliud,
999 1987 1180 2051 necellario
1203 1989 1249 2052 le·

155 2083 273 2133 uetur:
303 2069 465 2132 Voluntas
486 2065 591 2154 igitur
613 2067 679 2132 Dei
701 2067 788 2131 facta
811 2068 873 2139 ell.
897 2083 931 2132 et
951 2069 1143 2132 voluntates
1173 2071 1247 2136 luas

130 2093 235 2228 iecit,
257 2168 291 2217 et
307 2173 392 2237 quae
407 2149 489 2215 fecit
503 2151 696 2214 voluntates
707 2151 785 2214 -iuae
803 2150 890 2214 lunt.
921 2152 996 2214 Una
1013 2149 1103 2214 enim
1118 2155 1248 2216 eadem-

132 2258 202 2324 que
224 2253 257 2300 et
279 2236 414 2319 simplex
437 2232 552 2299 divina
573 2233 655 2300 vilio
678 2233 771 2319 cogit
791 2255 917 2308 unum,
943 2247 977 2296 et
998 2231 1034 2296 id
1056 2232 1164 2318 ipsum
1185 2237 1248 2302 elle

135 2341 240 2384 omne
293 2321 362 2383 uod
390 2316 497 2382 videt.
538 2317 639 2383 Videt
659 2333 770 2381 autem
792 2331 832 2380 ut
852 2317 926 2380 suaa
949 2317 1139 2382 voluntates
1161 2341 1248 2405 quoe

129 2403 228 2468 fecit.
270 2341 382 2466 dnum
416 2400 429 2464 i
454 2399 527 2466 itur·
543 2414 577 2465 et
597 2401 634 2466 id
654 2399 765 2488 ipsum
786 2400 864 2464 [unt
880 2397 1019 2464 divinae
1040 2401 1245 2482 voluntates,

133 2503 173 2551 et
203 2507 287 2572 quae
319 2488 401 2550 deus
437 2483 515 2549 ecit.
556 2487 605 2550 Ea
626 2484 789 2570 fiquide'm
810 2482 952 2548 unificat
971 2482 1108 2569 simplex
1130 2485 1246 2552 divina

86 2575 92 2582 '
130 2569 217 2632 villo
245 2591 330 2655 quae
359 2566 473 2634 omnia
503 2567 614 2644 videt,
649 2589 757 2632 unum
790 2583 824 2632 et
854 2589 962 2631 unum
990 2565 1115 2636 omnia.
1156 2572 1245 2638 Etd't

131 2658 203 2718 boc
225 2655 340 2717 datum
361 2649 481 2727 fuerit,
505 2672 626 2716 vereor
646 2673 690 2716 ne
712 2652 799 2717 forte
818 2673 874 2715 me
895 2651 1076 2737 compellar
1096 2673 1204 2720 unum
1226 2678 1246 2718 e

132 2736 270 2801 duobua
298 2734 411 2810 fateri,
444 2748 502 2798 aut
522 2731 880 2822 videlicet'legregare
906 2735 1117 2800 voluntatem
1151 2735 1246 2802 deia

133 2824 229 2893 Deo.
262 2833 297 2883 et
328 2817 468 2905 adjungi
489 2833 659 2884 creaturae
681 2816 729 2881 ita
751 2833 791 2880 ut
813 2817 905 2881 aliud
925 2817 964 2881 fit
984 2819 1077 2881 Dour
1099 2835 1134 2882 et
1155 2819 1246 2886 aliud

135 2905 198 2967 [ιιι
215 2905 390 2977 voluntas,
412 2904 479 2967 hoo
501 2902 562 2978 cst,
584 2915 625 2964 ut
644 2903 736 2964 Deus
754 2899 793 2964 [ιι
812 2901 938 2976 factor,
960 2902 1116 2966 voluntat
1134 2919 1246 2969 autem

136 2989 211 3064 ejue
232 2987 343 3065 facta3
365 2989 432 3050 dut
453 2985 475 3048 fi
497 2989 564 3050 hoc
584 2982 754 3054 noufinit
775 3005 853 3048 vera
872 2983 959 3048 ratio
979 2981 1117 3070 dicere(
1135 2989 1247 3052 neces-

136 3068 227 3136 sario
244 3069 392 3145 fatebor,
425 3085 459 3132 et
480 3066 657 3134 domiuum
681 3083 716 3132 et
734 3067 926 3132 voluntates
950 3067 1040 3142 luae,
1078 3085 1112 3132 ct
1132 3069 1246 3135 omniu

135 3173 225 3241 quae
253 3152 355 3230 fecit,
385 3173 493 3217 unum
523 3168 557 3216 et
578 3151 614 3216 id
635 3151 746 3237 ipsum
768 3151 830 3214 elle
852 3171 889 3214 ac
911 3150 978 3213 fine
999 3171 1091 3214 mora
1113 3151 1246 3218 ratioci-

135 3235 288 3301 nationis
317 3235 444 3300 virtute
475 3251 619 3323 cogente
649 3235 890 3300 concludetur:
924 3234 1144 3322 Deurigitur
1165 3236 1247 3324 leip-

135 3321 210 3384 l'um
231 3318 328 3394 fecit,
351 3320 467 3384 finon
489 3336 580 3384 extra
603 3321 674 3398 ejus
693 3333 845 3382 naturam
861 3319 937 3385 luae
954 3317 1245 3397 reluctatorium,

138 3418 175 3466 et
196 3399 273 3467 'non
302 3403 398 3466 aliter
417 3401 512 3466 videt
532 3405 605 3467 luat
625 3402 839 3478 voluntates,
865 3417 909 3465 ἐι
932 3399 1028 3465 aliter
1048 3387 1136 3490 quari
1152 3403 1247 3480 iecit,

136 3487 196 3551 led
225 3502 266 3550 ut
294 3487 367 3550 luat
401 3487 593 3550 voluntates
623 3483 719 3549 videt
748 3506 834 3573 quae
861 3482 954 3548 iecit.
997 3488 1041 3550 Et
1069 3487 1092 3551 li
1120 3486 1168 3552 ita
1191 3488 1245 3563 est,

86 3581 90 3588 '
136 3569 214 3656 quit
249 3573 291 3636 de
321 3569 518 3634 aeternitate
540 3567 694 3636 omnium
715 3589 801 3656 quae
824 3569 912 3634 lacta
933 3569 1067 3634 lunt-in
1089 3574 1163 3637 Deo
1188 3575 1246 3636 du·

134 3651 277 3729 bitaret,
313 3656 449 3741 quando
470 3675 542 3719 uon
563 3654 671 3718 lolom
692 3652 779 3717 fucta
801 3667 835 3717 et
856 3667 989 3718 aeterna
1003 3675 1122 3718 verum
1145 3654 1246 3720 etiam

134 3739 230 3802 Daue
259 3737 323 3801 elle
352 3735 619 3824 intelliguntur?
651 3737 701 3801 Μ.
724 3733 917 3802 Cautiffime
940 3757 979 3804 ao
999 3735 1248 3824 vigilantiffime

126 3819 279 3886 rationis
300 3819 365 3884 iter
385 3821 421 3886 in
460 3820 583 3887 ederit.
614 3820 663 3886 Ac
686 3840 748 3908 per
767 3819 878 3885 bocfi
921 3841 983 3886 ure
1003 3821 1113 3886 intelli
1138 3821 1166 3887 ie
1179 3823 1249 3888 line

136 3903 358 3993 ambiguitate
386 3906 475 3982 ula,
509 3903 557 3970 ita
587 3917 622 3968 et
650 3902 924 3970 nonaliteree
965 3927 1029 3970 uae
1050 3904 1106 3970 dix
1148 3906 1190 3981 ','
1210 3905 1246 3970 in

137 3987 308 4054 suadenda
340 3978 537 4054 aciernitatc
569 3987 723 4053 omnium
757 4007 843 4075 quae
871 3979 912 4052 iu'
937 3928 1002 4054 gei
1034 3993 1138 4055 verbo
1160 3990 1248 4056 tacte

136 4069 217 4136 lunt
237 4067 382 4158 amplius
402 4073 553 4138 laborare
572 4069 790 4140 necessarium
811 4090 883 4136 non
901 4073 963 4138 elle
976 4070 1090 4138 video.
1124 4076 1168 4138 D.
1183 4077 1247 4136 De·

137 4153 229 4222 rideo
249 4177 305 4222 me
325 4169 365 4220 ut
386 4155 527 4224 arbitror
549 4157 629 4223 dum
651 4175 784 4224 mecum
805 4154 987 4242 liberaliter
1002 4155 1089 4244 agio,
1111 4159 1177 4226 boc
1191 4154 1261 4230 cll„
