2952 4824
438 253 842 337 neronom·
1108 218 1206 370 or

76 437 244 528 pacarem
266 441 394 540 potem
434 424 493 510 (aa
526 435 745 532 inteutgtuu'
787 443 910 512 aaran
937 441 1164 516 antrorum

75 525 361 624 contemplatrpnet
377 526 638 606 ‚Univerfintem
658 463 868 606 dicosseum
890 540 925 592 et
944 527 1159 610 ereaturam)

75 608 203 672 breviter
223 608 387 686 ἀιιιιιιιιιις
407 630 502 678 nunc
523 613 664 677 eandem
685 625 825 676 naturae
839 609 1039 677 divisionem
1048 613 1161 691 latiur,

75 689 95 754 fi
115 689 260 788 vitietur,
292 708 494 778 repetamue.
535 697 579 760 D.
610 691 752 760 Videtur
771 692 909 780 quidem
928 703 966 760 et
982 697 1082 761 valde
1102 719 1162 763 ne·

75 774 244 850 celirrrumt
265 795 344 839 nam
366 776 391 840 st
410 774 522 840 latiori
541 775 685 842 rationis
705 776 742 842 in
767 775 923 842 uifitione
943 797 1052 843 non
1079 779 1161 846 eria-

75 871 134 932 ιιι,
156 871 241 954 treta
260 857 472 926 solummodo
494 875 528 924 et
547 881 619 926 non
646 799 785 926 diacufla
804 859 955 928 resedisse
974 801 1160 928 ridessitur.

74 939 111 1001 ii.
134 939 222 1003 Taht
249 939 364 1028 itaque
392 958 479 1018 erat,
510 957 550 1006 ut
578 942 717 1030 opinor,
748 941 938 1030 supradicta
960 943 1160 1012 universalia

73 1036 193 1086 nrturae
218 1023 455 1110 quadriformis
478 1023 612 1102 divifio,
641 1025 679 1090 in
702 1047 775 1092 eam
796 1025 924 1091 scilicet
943 1027 1085 1094 formam
1104 1029 1161 1094 vel

71 1103 198 1190 speciem
216 1107 255 1186 (fi
274 1106 340 1171 rite
359 1107 485 1185 forma,
506 1111 561 1173 vel
581 1108 708 1196 species
730 1109 873 1174 dicenda
897 1109 941 1173 est
961 1108 1072 1196 prima
1090 1131 1161 1176 om·

71 1185 152 1252 nium
176 1190 290 1266 causa,
323 1211 410 1276 quae
436 1193 570 1279 [uperat
598 1211 734 1258 omnem
765 1193 908 1257 formam
938 1207 973 1258 et
999 1192 1181 1280 'specierum'

72 1273 137 1334 dum
163 1272 201 1335 fit
226 1273 410 1338 formarum
432 1290 467 1339 et
486 1273 672 1362 specierum
693 1273 1014 1362 omniumlinforme
1033 1275 1160 1362 prinei·

69 1352 162 1440 pium)
179 1377 266 1441 quae
286 1373 378 1421 creat
399 1371 435 1422 et
454 1379 534 1422 non·
546 1375 698 1438 ereatur3
731 1357 878 1423 informe
899 1372 1019 1423 autem·
1032 1359 1158 1445 princi-

69 1436 149 1521 pium
173 1453 352 1525 propterea
379 1443 493 1505 Deum
514 1441 676 1518 dicimur,
711 1463 756 1506 ne
778 1439 853 1528 quir
874 1461 954 1506 eum
973 1441 1161 1509 formarum

69 1539 191 1586 numero
211 1521 362 1588 aestimet
382 1523 526 1601 censeri,
550 1528 632 1589 dum
651 1525 894 1589 fitiormarum
910 1523 1065 1590 omnium
1080 1546 1158 1590 cau·

71 1602 109 1678 ῐις
137 1601 241 1688 ipsum
273 1604 400 1670 etenim
429 1625 531 1672 omne
556 1609 737 1673 formatum
759 1607 904 1694 appetit,
936 1628 1014 1676 cum
1036 1607 1077 1672 fit
1096 1628 1160 1694 per

70 1685 98 1748 ie
120 1685 218 1771 ipsum
247 1687 406 1752 infinitus
428 1705 462 1753 et
481 1692 558 1776 plur
601 1711 680 1755 uum
700 1683 873 1765 infinitus,
904 1689 950 1754 est
969 1687 1062 1755 enim
1081 1689 1158 1755 infr·
1196 1738 1197 1742 ,
1236 1693 1244 1760 ᾗ
1323 1739 1329 1752 .
1354 1743 1359 1756 .

68 1765 142 1831 nitar
158 1769 311 1834 omnium
332 1771 553 1840 infinitatum.
579 1713 687 1920 §uod
700 1772 806 1861 igitur
819 1774 913 1838 nulia
926 1773 1035 1838 forma
1044 1793 1158 1856 coarc-

69 1864 143 1914 tatur
159 1854 211 1916 rel
233 1852 420 1929 diffinitur,
466 1855 521 1919 uia
541 1858 636 1922 nulo
659 1855 837 1922 intellectu
853 1855 1084 1944 'cognoscitun
1107 1876 1158 1921 ra·

68 1930 242 2031 tionaipiliua
268 1934 393 2001 dicitur
414 1875 561 2002 iniorme
582 1959 682 2025 quam
703 1939 907 2016 formatum
952 1938 1010 2003 uia
1029 1955 1071 2002 ut
1090 1939 1158 2002 iae·

69 2037 103 2100 pe
131 2019 253 2084 drotum
288 2018 352 2093 est,
387 2019 499 2084 verius
527 2042 587 2106 per
612 2021 831 2108 negationem
853 2024 901 2086 de
964 2043 1004 2086 eo
1025 2019 1157 2107 aliquid
1221 2019 1228 2042 '

69 2099 237 2196 praedicare
265 2101 459 2186 postumat,
490 2123 589 2188 quum
610 2123 672 2188 per
693 2101 959 2168 affirmationem.
987 2105 1158 2176 ¹Secunda

69 2183 1054 2333 {t{tiot'tt‘fftrtiffttas‘ttitzt‘titittt
1068 2205 1159 2332 ἓξὲξ
1231 2272 1233 2282 ·

70 2361 121 2412 tur.
159 2351 199 2412 D.
223 2354 274 2414 lta
297 2312 382 2412 tane'
397 2289 617 2414 divisumque
659 2289 710 2414 Mi
732 2351 847 2435 Quum
866 2347 972 2436 igitur
993 2335 1175 2448 de'oppov
1258 2384 1262 2396 ·

68 2429 219 2496 titionibus
239 2430 491 2530 praedictarum
507 2447 646 2496 naturae
659 2433 843 2499 formatum
858 2431 1004 2498 breviter
1016 2432 1053 2498 in
1065 2451 1158 2519 prro·
1196 2515 1200 2520 Ι
1246 2501 1250 2510 ,

68 2511 93 2576 ri
108 2511 329 2604 disputatrone
351 2518 419 2594 jem
440 2515 569 2580 dictum
586 2516 645 2590 est,
668 2514 950 2580 confideravimua
966 2514 1061 2580 enim
1073 2535 1157 2602 quo·

69 2601 153 2664 modo
172 2599 310 2664 resultat
330 2598 448 2674 tertia,
477 2597 606 2695 primae
627 2601 743 2664 ambae
764 2597 926 2684 fiquidem
946 2597 1055 2672 veluti
1075 2620 1157 2684 qua·

70 2681 131 2744 dun
155 2682 318 2748 diametro
347 2683 390 2743 ad
418 2681 451 2744 se
477 2679 627 2745 invicem
653 2701 674 2746 e
704 2680 844 2767 regione
863 2681 1035 2766 oppositae
1055 2680 1157 2766 respi-

69 2761 163 2839 ciuutt
191 2779 303 2829 creata
332 2762 424 2828 enim
454 2778 495 2826 ut
515 2762 661 2827 diximus
682 2779 717 2827 et
738 2784 808 2828 non
831 2783 948 2827 creant
969 2763 1158 2849 opponitur
1215 2807 1220 2820 .

69 2847 175 2911 creauti
193 2863 227 2913 et
246 2860 485 2921 nou-creatam
519 2845 668 2909 similiter
688 2846 834 2910 secunda
853 2846 1002 2930 formae
1024 2845 1156 2910 diverso

69 2929 181 3016 respicit
200 2945 372 3017 quartam
401 2929 589 3026 opponitur
610 2928 701 2992 enim
723 2944 833 2992 creata
852 2943 887 2991 et
907 2947 1033 2996 creanti
1044 2947 1157 3014 neque

70 3027 176 3076 creatm
195 3033 311 3100 neque
335 3027 481 3076 creanti:
511 3009 735 3074 universalem
754 3030 836 3074 vero
857 3025 1012 3074 naturam
1032 3009 1157 3073 fumet

69 3095 169 3160 habere
194 3117 257 3182 pro
287 3111 377 3159 terea
398 3093 562 3168 dicimus,
598 3093 760 3180 quonium
781 3114 820 3156 ex
842 3113 881 3154 ea
900 3091 1009 3156 nostra
1029 3090 1155 3154 intelli·

69 3179 163 3261 gentio
182 3119 433 3266 quoiammoto
455 3175 674 3249 informatur,
696 3179 778 3254 dum
800 3176 841 3239 de
862 3173 933 3259 ipsa
953 3188 1094 3238 tractare
1105 3171 1157 3236 ni·

70 3259 151 3336 titur3
170 3285 248 3328 nam
268 3283 333 3348 per
352 3262 388 3324 ie
406 3259 511 3346 ipsam
532 3259 688 3322 universa
707 3273 828 3324 natura
849 3277 920 3322 non
941 3253 1070 3343 ubique
1089 3254 1157 3320 for·

69 3329 128 3408 uei
140 3344 277 3432 recipit,
302 3365 375 3408 eam
395 3342 557 3428 fiquidem
578 3345 652 3405 Deo
673 3357 709 3405 et
729 3343 888 3406 Creatura
898 3338 1069 3405 contineri
1082 3359 1156 3404 non

69 3423 234 3515 incongrue
258 3425 423 3500 dicimur,
445 3447 486 3490 ac
505 3445 567 3521 per
586 3427 672 3500 hoc,
693 3422 731 3488 in
752 3437 919 3509 quantum
939 3421 1081 3486 creatrix
1098 3421 1154 3501 eih

69 3510 176 3575 nullan
194 3511 340 3576 sormam
362 3507 543 3595 occipitio
564 3505 634 3592 ieip
651 3529 687 3584 a,
719 3508 881 3570 formatae
901 3525 984 3568 vero
1005 3526 1024 3568 a
1044 3505 1078 3568 se
1098 3525 1157 3568 na·

70 3605 148 3657 turae
163 3591 469 3664 multiformitatem
488 3589 645 3676 praestata
670 3595 737 3672 jam
758 3607 853 3652 nunc
873 3588 916 3653 de
937 3586 1158 3655 iimilitudine
1285 3589 1290 3598 '

25 3725 29 3734 .
70 3693 166 3740 etrum
192 3679 303 3765 deque
324 3673 512 3740 differentia
534 3673 812 3738 contrectandum
831 3671 894 3734 effe
915 3669 1068 3736 arbitror.
1090 3671 1154 3736 .D.

69 3757 135 3822 Non
152 3759 245 3824 aliter
264 3762 350 3826 ordo
370 3779 482 3822 rerum
504 3756 620 3844 exigit.

120 3841 162 3905 M.
180 3843 337 3910 Secunda
355 3841 463 3909 forma
481 3838 611 3927 primae
631 3836 746 3904 similia
767 3835 805 3902 in
823 3855 864 3902 eo
883 3837 976 3933 quod
989 3850 1091 3911 creat,
1112 3834 1155 3901 ab
1207 3852 1211 3860 ’
1269 3889 1271 3896 .
1371 3843 1377 3855 ’

71 3939 105 3984 ea
129 3945 200 3991 vero
230 3925 327 3993 distat
352 3925 389 3990 in
426 3945 467 3990 eo
490 3925 752 4010 quod‚crertur;
782 3941 863 3985 nam
881 3940 990 4005 pnrua
1011 3933 1102 3984 creat
1122 3933 1159 3984 et

69 4024 291 4086 ponerentur,
312 4009 460 4074 fecunda
481 4021 516 4071 et
536 4022 628 4073 creat
647 4021 683 4072 et
703 4021 851 4080 creatur,
872 4001 971 4068 tertia
990 4001 1158 4068 secundae

71 4085 306 4160 militudinem
323 4091 522 4158 attrahit‘eo
545 4092 638 4178 quod
658 4105 808 4166 creatur,
830 4087 872 4152 ub
894 4107 933 4152 ea
952 4106 1034 4152 vero
1045 4083 1159 4152 differt
1183 4107 1188 4112 ·

73 4189 106 4238 eo
124 4179 211 4262 quod
228 4175 281 4244 nil
299 4192 411 4257 creatt
430 4196 511 4244 nam
533 4170 679 4244 fecunda
699 4189 735 4244 et
754 4185 886 4246 creatur
905 4184 942 4238 et
960 4183 1071 4248 creat,
1094 4182 1157 4234 ter·
