2866 4822
407 269 514 340 uter
535 266 696 352 Qonroo.
1029 265 1109 342 406

21 455 97 520 lone
115 449 243 540 prima,
266 451 323 518 led
344 449 446 518 etiarn
465 473 561 518 nune
582 452 772 540 depravatio
793 467 845 517 tot
857 451 1107 522 volontatibntr
1163 463 1169 515 .·

21 559 37 602 n
69 537 194 602 samma
216 549 327 600 tamen
350 535 465 601 olnnia
486 557 572 624 quae
592 553 702 602 creata
722 537 818 612 sant,
850 535 886 602 id
908 537 955 601 ell
973 537 1108 606 univer·
1166 526 1172 546 ⁸
1215 522 1219 533 ¹

21 645 70 686 arn
91 613 230 686 omnino
253 635 439 684 ereaturam
460 623 584 686 bonam
608 622 671 684 else
691 621 805 696 valde,
827 639 897 684 non
918 623 1010 708 quod
1023 625 1106 690 boni

25 721 63 770 nt
92 701 127 768 in
160 725 198 768 ea
225 701 325 777 mali,
357 704 413 767 sed
434 706 526 788 quod
546 725 617 769 non
640 701 788 768 efficiant
807 701 935 768 malitia
956 703 1034 784 sne,
1067 723 1108 772 nt

21 792 63 852 ub
95 787 157 852 Dei
177 783 452 852 administratoria
473 785 644 886 irnperio„
670 786 814 861 virtute,
845 787 1024 872 sapientia,
1054 793 1109 856 de·
1185 801 1186 812 ¹

23 893 60 936 aa
83 887 116 935 er
138 873 221 939 ordo
242 868 467 936 universitatis
490 871 599 957 aquna
622 891 661 934 ex
680 887 776 956 parte
798 872 951 936 turbetur
967 889 1025 937 aut
1041 887 1108 940 tur·

26 971 120 1029 etur,
156 975 234 1019 curn
265 953 331 1018 snio
348 951 538 1040 'quibusque
558 954 791 1019 voluntatibus
813 951 914 1019 etiarn
935 956 1031 1022 malie
1053 957 1109 1022 tri·

25 1053 147 1102 uantur
181 1035 265 1108 certi
298 1051 332 1100 et
360 1036 502 1124 congrui
531 1036 658 1102 limitet
685 1037 883 1124 potestatum
905 1053 940 1102 et
959 1043 1108 1125 pondera

21 1121 217 1195 teritorum,
241 1133 280 1184 ut
304 1119 405 1184 etiam
428 1141 504 1184 cnm
526 1119 604 1208 ipsit
624 1121 869 1188 convenienter
888 1121 1036 1210 iusteque
1057 1137 1107 1190 or·

21 1205 124 1270 ¹inatis
152 1203 350 1269 nniverfitar
378 1205 493 1292 pulcra
515 1203 570 1268 fit:
597 1219 709 1269 tamen
753 1203 809 1269 'nia
831 1203 972 1282 cuilibet
992 1229 1110 1274 oecur-

21 1289 44 1352 it
67 1303 101 1352 et
120 1309 239 1353 verum
262 1287 305 1350 est
326 1303 427 1374 atque
447 1287 675 1360 manifestum.
698 1227 841 1368 iulittae
861 1287 921 1373 ipsi
943 1291 1006 1356 esse
1022 1311 1108 1358 'eon-

21 1369 159 1444 sarium.
183 1387 223 1435 at
243 1372 339 1436 nnllo
359 1374 583 1458 praecedente
603 1370 742 1446 merito,
763 1376 830 1436 hoc
849 1370 958 1458 ipsam
973 1373 1010 1439 in
1025 1397 1107 1464 qno·

21 1477 101 1539 nam
130 1457 222 1520 Dens
253 1457 407 1529 damnet,
439 1457 531 1553 qnod
557 1453 594 1518 in
618 1475 658 1520 eo
680 1454 750 1541 ipse
774 1455 921 1530 creavit,
951 1473 1108 1546 certaque

24 1553 37 1600 t
67 1536 206 1602 evidens
234 1537 405 1604 damnatio
428 1535 554 1604 draboli
582 1554 611 1601 at
631 1540 826 1626 angelorum
848 1542 919 1619 eine
942 1559 981 1604 er
1002 1545 1110 1608 Evan-

25 1621 90 1718 elio
118 1621 307 1720 recitatpr2
333 1620 392 1686 nbi
426 1621 459 1686 se
498 1621 667 1722 diptupnn
692 1621 849 1687 dominae
869 1623 1111 1724 pronunciarit

24 1725 134 1852 tlt:
154 1705 441 1854 ”eillsloilii
465 1705 1110 1888 'egestisstillasset&

21 1887 153 1936 laturam
174 1893 274 1958 quam
297 1875 389 1935 Deua
411 1889 556 1946 creant,
579 1871 636 1936 sed
656 1874 776 1936 malam
798 1875 969 1960 propriam
989 1877 1111 1940 rolon-

21 1971 102 2019 rtem
123 1975 236 2042 poena
256 1951 346 2040 ignia
370 1953 497 2017 aeterni
513 1956 727 2039 plectendam
744 1955 806 2018 else
818 1959 1109 2024 credendamell.”

21 2043 214 2102 laemonum
244 2051 357 2100 antem
387 2035 550 2100 malitiam
579 2055 649 2100 non
682 2037 745 2100 else
773 2059 816 2123 pe
859 2053 970 2104 etnam
992 2043 1111 2106 beatae

21 2121 189 2186 ιιιιῐιιοΐιιιι
209 2117 247 2182 ἰιι
269 2117 484 2204 Expositione
505 2117 543 2181 in
565 2121 692 2184 Lucam
714 2118 820 2204 aperti
895 2123 1045 2198 edocet.
1063 2123 1111 2190 di·

23 2225 99 2269 enar
122 2201 274 2288 „Coepit
295 2223 388 2266 orare
410 2203 570 2275 daemon,
590 2215 630 2264 ut
650 2201 906 2280 introeundiin
921 2223 1110 2292 porcante-

22 2287 130 2373 iperet
159 2285 365 2352 facultatem.
419 2287 463 2348 Et
488 2284 635 2372 primum
658 2287 871 2350 clementiam
893 2287 1033 2354 Domini
1056 2291 1112 2355 de·

21 2391 118 2436 remus
152 2371 345 2443 advertere.
383 2371 475 2466 quod
496 2369 629 2432 nullum
650 2369 780 2454 primns
801 2370 871 2458 ipse
893 2373 1107 2448 condemnat.

21 2458 58 2519 ed
87 2451 323 2540 unusquisqne
351 2449 412 2545 'fibr
440 2467 557 2552 auctop
579 2451 623 2515 est
641 2473 783 2538 poenae.
826 2455 903 2554 llon
926 2454 1111 2558 mittpntur

22 2537 506 2686 tntt‘ssltdtztlttnlssl
529 2535 1110 2710 all-Psltttntfflt‘ttll'tlts

22 2707 139 2780 solent,
161 2701 293 2768 radium
317 2699 392 2765 solia
415 2701 501 2765 serre
523 2723 592 2766 non
614 2703 766 2788 possunt,
789 2704 845 2767 sed
863 2707 1037 2772 tenebrosa
1051 2705 1110 2771 eli·

22 2803 105 2862 nnt.
143 2799 182 2849 nt
216 2782 426 2870 splendentia
446 2781 649 2869 relinquant.
671 2809 675 2820 ¹
693 2785 844 2873 Fugiunt
866 2809 944 2876 ergo
968 2791 1109 2854 Daemo-

22 2893 61 2934 es
84 2869 296 2954 splendorem
318 2865 403 2930 luelo
427 2882 598 2939 aeternae.
621 2883 655 2930 et
674 2883 753 2933 ante
771 2885 902 2956 tempor
920 2871 1032 2936 debita
1048 2872 1108 2938 fibi

22 2965 172 3017 ormento
193 2951 392 3024 formidant,
415 2969 486 3014 non
502 2948 774 3036 praedivinantes
790 2973 875 3050 qnae
890 2953 1003 3019 futura
1019 2955 1107 3031 sont,

22 3039 59 3099 ed
81 3055 167 3121 qnae
187 3035 387 3132 prophetata
408 3033 485 3096 sunt
505 3035 730 3098 recordantes.
763 3034 859 3098 Drxit
880 3035 970 3100 eninr
989 3039 1111 3103 Zacha-

22 3119 87 3182 iaot
108 3119 153 3180 Et
173 3115 237 3182 erit
258 3139 294 3180 rn
315 3115 372 3181 illa
397 3115 472 3193 die,
496 3115 666 3202 disperdet
687 3117 855 3182 Dominoa
875 3119 1016 3185 nomina
1036 3123 1109 3186 ldo·

22 3225 113 3266 orum
137 3203 179 3266 de
201 3215 307 3282 terret
330 3215 363 3262 et
384 3220 455 3263 non
477 3198 541 3262 erit
561 3199 702 3264 alteriue
726 3200 887 3268 memoria
908 3223 1043 3279 eornm,
1075 3219 1110 3270 et
1146 3225 1162 3246 ⁶

22 3285 158 3371 piritnm
191 3282 405 3348 immundam
436 3303 570 3346 exuram
599 3285 641 3347 de
672 3299 766 3347 terra.
823 3289 994 3354 Docemur
1017 3309 1052 3352 er
1077 3307 1109 3364 o,
1183 3291 1187 3324 ¹

22 3371 96 3452 prod
125 3387 197 3432 non
228 3367 357 3454 semper
383 3367 585 3441 manebunt.
618 3387 683 3431 nec
706 3365 840 3434 ‘malitia
868 3391 984 3435 eornm
1011 3391 1057 3458 po
1096 3385 1111 3436 t

22 3453 66 3514 sle
102 3473 163 3538 per
189 3465 277 3514 etna.
335 3446 435 3514 Nunc
472 3448 578 3535 igitur
614 3449 705 3514 illam
736 3467 926 3517 metuentes
949 3475 1110 3553 poenam,

26 3531 119 3600 iuna:
171 3531 266 3598 enisti
286 3535 426 3620 perdere
446 3553 509 3597 noe
531 3545 609 3596 ante
631 3533 788 3620 ternpus?
811 3535 877 3600 Sed
900 3557 979 3624 quaa
1001 3541 1111 3603 adhue

22 3617 67 3680 sse
103 3617 289 3684 defiderant
323 3620 390 3695 iarn
420 3617 460 3679 ab
490 3613 685 3682 hominibus
715 3620 930 3698 recedenter,
971 3627 1112 3722 propter

22 3697 1112 3854 liliosifflilnnillliefiiliillidiisirismliiiiiilii‘inil

22 3865 132 3942 itiam,
155 3884 272 3932 verum
292 3863 397 3948 petiam
417 3865 629 3932 substantiam
651 3867 714 3932 esse
733 3866 937 3956 perituram
967 3869 1111 3936 snbstan-

23 3947 88 4015 iarn
110 3947 202 4014 enim
225 3949 312 4016 dicit
328 3971 398 4016 non
422 3969 440 4014 a
460 3951 534 4016 Deo
557 3949 679 4016 saetam
699 3967 871 4028 naturam,
894 3951 951 4020 sed
974 3973 1111 4020 omnem

23 4053 83 4096 uae
111 4031 292 4118 Apollaliae
322 4031 615 4120 consequentiam.
648 4033 686 4100 id
708 4035 752 4099 ell
772 4036 977 4134 propostam
1002 4039 1112 4134 snper·

23 4113 82 4180 riae
111 4130 145 4179 et
173 4113 344 4184 inimicam
366 4118 576 4183 volantatem
598 4131 633 4183 et
652 4117 902 4186 immunditram
923 4120 1108 4186 idolatnae.

23 4195 70 4264 dia
93 4195 184 4266 enirn
206 4213 240 4266 et
260 4199 420 4270 firoilibnt
440 4201 549 4268 veluti
570 4201 729 4270 membria
749 4203 886 4268 sohfiffir
898 4223 999 4270 omne
1017 4203 1110 4291 qnod
