2884 4820
518 451 669 522 ⁴Carmen
691 451 759 517 vll.

309 577 441 658 Adhuc
467 577 515 656 de
539 575 674 658 Christi
704 579 977 654 resurrectione.
1180 671 1188 716 r

91 769 166 828 Lux
184 761 343 860 superruo
364 758 492 826 animae
511 755 691 824 hominurn
712 755 935 856 superumque
960 761 1096 836 deorum

132 849 158 910 t
217 865 276 910 tna
297 842 437 910 terrenis
462 839 668 908 constabilita
690 854 791 915 tome,

93 933 129 992 ln
177 927 277 992 nibue
297 925 461 1014 genitorie
487 940 576 1000 erat,
599 925 768 1010 longeque
789 933 915 987 remota

133 1007 287 1076 Sensrbili
308 1011 436 1075 mundo
460 1005 677 1096 empyrioque
697 1007 788 1092 polo,
861 1007 868 1020 ⁸

93 1097 288 1158 lncamatua
310 1108 380 1158 erat
401 1091 548 1158 Chrilluo
570 1091 611 1155 de
633 1089 765 1176 virgine
785 1109 936 1166 nascens,

134 1175 296 1242 Confixae
317 1175 433 1264 ligno.
455 1173 613 1241 conditur
635 1188 741 1260 atque
756 1169 873 1257 τάφῳ.
1189 1221 1192 1226 a

93 1257 244 1404 Corpore
265 1257 321 1324 sed
342 1257 510 1334 moriens,
532 1257 651 1320 vivent
674 1256 854 1344 animoque
874 1259 1025 1344 necque,
1159 1313 1161 1318 .

132 1345 160 1408 Δ
209 1345 356 1409 Deumt
376 1341 538 1416 moritur,
561 1339 654 1404 vivat
673 1355 713 1404 ut
734 1339 803 1426 ipsa
824 1360 918 1405 caro-2

11 1457 12 1476 ν
82 1429 193 1489 Meno
216 1427 372 1498 erebum,
396 1445 518 1511 corpur
539 1439 686 1510 petram,
713 1437 806 1486 tenet
827 1421 940 1488 omnia
961 1445 1099 1502 numen.
1154 1479 1156 1492 ,

59 1585 62 1591 y
136 1512 173 1571 ln
198 1507 305 1572 tribur
328 1507 372 1571 est
391 1527 481 1572 unua
503 1526 643 1592 corpore
663 1523 777 1570 mente
803 1501 887 1570 Deo.

92 1590 267 1676 Postquam
289 1611 350 1676 per
372 1589 521 1658 triduum
544 1605 654 1654 totum
677 1589 874 1654 destruxerat
896 1583 990 1680 ἅδην,

135 1675 245 1736 Totus
266 1672 426 1748 surrexit.
449 1673 498 1738 nil
519 1687 715 1737 remanente
736 1671 859 1736 minuo.

92 1753 251 1820 Ascendit
271 1769 381 1828 totus.
405 1771 514 1824 totum
537 1755 647 1841 regit,
671 1754 798 1842 aspice,
820 1755 997 1831 mundum,

132 1839 198 1902 Pro
220 1859 286 1924 quo
307 1839 415 1924 pullus
439 1855 508 1902 erat
529 1837 689 1901 conditur
710 1853 809 1922 atque
833 1841 936 1928 Deup.

93 1921 356 2002 Humanumque
378 1939 484 2002 genua
507 1933 638 1992 totum,
660 1917 832 1980 revocarit
852 1921 892 1982 ab
915 1933 1011 1984 antro

134 2009 296 2066 Aeternae
315 1999 451 2071 mortis,
474 2017 541 2083 quo
564 1995 654 2060 cadit
678 1997 788 2062 omnio
811 2001 924 2064 homo.

90 2079 245 2150 Muneris
265 2078 417 2168 ingratut
439 2077 530 2144 vitae
551 2079 744 2166 spretorque
766 2080 879 2146 lalutit

133 2169 245 2256 Quam
266 2163 315 2227 lar
340 2162 405 2227 ’tur
427 2177 497 2227 erat
516 2162 680 2228 maximus
703 2161 900 2248 archipater.

92 2253 122 2316 0
145 2270 203 2314 rex
223 2267 302 2344 prae
335 2263 392 2309 uro
414 2243 473 2332 qui
495 2245 609 2310 lullrae
630 2245 759 2310 lumine
780 2251 946 2316 mundum

135 2337 272 2416 Largrto
293 2329 418 2394 Ilarolo
440 2330 596 2418 prospera
618 2345 742 2394 cuncta
764 2344 834 2394 tuo.

92 2416 236 2500 ludulge
256 2413 389 2478 famulo·
404 2412 532 2500 fragilia
556 2413 750 2477 contamina
770 2411 871 2488 vitae,

134 2499 179 2561 Ut
201 2497 435 2598 valeatpuruo
457 2515 592 2560 cernere
612 2517 715 2582 regna
737 2511 805 2560 tua.

96 2581 249 2668 Στοῖχοι
269 2602 333 2646 rou
353 2575 510 2648 ’Ῑινᾶννου
532 2579 581 2644 τῶ
605 2579 709 2670 rupim
733 2570 842 2646 αὑτοῦ
865 2575 1155 2678 ἅνακτιΚαρόλω.
1176 2591 1200 2673 ¹)

522 2744 666 2809 Carmen
686 2747 770 2808 Vlll.

341 2866 413 2944 De
451 2867 616 2947 verbo
659 2870 951 2950 incarnato.

10 3057 11 3062 ¹
96 3033 132 3101 si
155 3033 207 3099 via
228 3025 386 3126 οὐρανίας
408 2999 533 3100 furlum
555 3032 696 3099 volitare
717 3055 777 3120 per
799 3056 904 3112 aurat,

96 3117 340 3204 Empyrioeque
362 3117 459 3203 poloo
479 3117 602 3184 mentio
624 3117 749 3182 sulcare
772 3134 897 3195 meatu,

97 3204 254 3267 Ommatc
296 3199 467 3266 laucivido
491 3201 516 3282 ²)
539 3199 687 3266 lustrabit
710 3202 833 3286 templa
853 3201 999 3299 sophiae,

97 3287 253 3433 guorum
290 3305 401 3348 umma
424 3282 507 3370 tegit
530 3283 704 3386 condensat¹
719 3289 809 3348 nube
831 3287 949 3372 caligo,

96 3390 190 3515 ni?
192 3387 340 3534 “viiii
355 3367 538 3536 laath
540 3365 1017 3537 ”5212ht‘tttt⁰20¹⁰ttll¹⁰·

97 3537 190 3598 Dum
244 3553 303 3598 eut
323 3531 499 3632 antiquum
520 3527 647 3624 θεσμὸν
672 3535 807 3632 hloplea
830 3477 977 3614 dicerit:

99 3619 298 3681 Umbrarum
317 3619 431 3684 medio
451 3618 608 3704 lrnquene
630 3617 764 3702 vestrgra
785 3623 929 3710 ταρσῶν.

95 3699 171 3765 Illic
195 3698 332 3787 aspiciet
354 3699 528 3787 Seraphim
550 3701 683 3766 oculosa
703 3703 827 3778 volare,

96 3785 142 3847 Et
163 3782 255 3848 lenta
277 3803 450 3932 crepulqus
472 3800 570 3850 terno
592 3787 634 3850 de
656 3783 793 3850 cardine
811 3788 941 3933 pansae,

37 3915 41 3930 .
98 3865 198 3932 Circa
217 3867 355 3955 polique
410 3891 487 3934 eum
507 3869 767 4016 polymorphota
789 3869 932 3956 purime
954 3868 1026 3962 <tiu

98 3949 199 4015 Claro
220 3967 420 4017 cunctorum
441 3951 648 4047 speculantia
682 3949 799 4016 umiue
819 3954 959 4032 caulam,

135 4140 162 4207 l)
182 4139 254 4192 llaec
271 4157 380 4214 quoque
398 4157 489 4213 graeca
506 4141 641 4198 sententia
658 4151 699 4198 eet
716 4143 788 4213 apud
805 4147 903 4215 glottar
922 4151 971 4202 loc.
991 4146 1034 4196 cit.

72 4279 75 4290 Ι
133 4210 165 4276 2)
182 4207 281 4262 Glotra
299 4212 378 4267 oculo
396 4210 544 4267 noctirido.
