2952 4824
468 272 576 343 hiber
595 270 794 358 Secundae.
1107 276 1183 347 108

83 456 204 542 linguae
237 455 425 524 sauctorum
459 455 690 545 magistrorum
725 457 900 526 autoritati
936 458 1074 536 resiliata
1119 461 1180 549 qui

83 538 275 604 unanimiter
303 541 375 628 poll
402 541 681 608 resurrectionem
709 543 864 608 omnium
885 542 1063 630 utriusque
1082 543 1178 610 senua

84 621 298 710 integritatem
334 625 482 690 futuram
517 627 579 690 effe
613 628 776 693 asseruntt
816 626 865 691 ita
894 641 934 692 ut
962 626 1016 694 vir
1042 625 1091 692 in¹
1114 627 1180 692 sor·

82 727 158 770 mam
192 705 278 782 viri,
323 708 472 772 foemina
506 709 545 772 in
583 709 726 776 formam
763 710 953 786 foeminae,
993 731 1073 775 cum
1110 730 1181 776 om·

85 789 167 853 nium
198 790 421 876 corporalium
452 792 598 878 partium
613 793 764 878 ¹indiciis
786 792 1073 881 quibuamaxime
1092 809 1180 858 uter·

84 895 138 971 que
156 873 250 937 serua
271 872 491 950 discernitur,
511 880 656 958 -redeat,
690 899 728 942 ac
749 878 792 944 lic
811 878 878 942 five
898 875 936 960 in
958 875 1084 964 gloria,
1113 877 1180 954 sive

85 979 113 1019 in
132 976 238 1042 poena
261 958 473 1023 aeternaliter
492 975 698 1044 permaneat
742 959 778 1025 Si
807 975 919 1026 tamen
945 975 1081 1026 aeterna
1100 980 1181 1047 poe·

83 1061 118 1102 na
147 1039 362 1126 corporaliter
390 1043 503 1105 futura
530 1044 586 1119 fit,
622 1044 706 1108 sicut
735 1059 868 1110 aeterna
917 1043 1017 1109 lotia:
1050 1044 1108 1109 scd
1138 1045 1181 1110 de

82 1125 134 1185 hac
156 1123 346 1208 quaestione
375 1122 411 1188 iu
440 1125 560 1212 quinto
592 1127 818 1192 tractabimue.
911 1127 991 1192 uitia
1017 1125 1106 1191 item·
1128 1125 1181 1192 vi·

84 1209 168 1270 detur
194 1205 299 1271 incon
368 1231 423 1272 um
449 1225 660 1274 coaeternam
694 1211 902 1292 beatitudini
922 1209 1089 1278 miseriam
1108 1210 1181 1276 sore

83 1291 218 1365 credere,
250 1313 310 1376 qui
336 1313 375 1354 us
399 1293 624 1380 Evangelicua
645 1294 753 1359 sermo
774 1294 911 1360 videtur
929 1294 1090 1368 resistere,
1121 1291 1185 1381 qai
1273 1319 1276 1326 ’

84 1371 123 1435 ait
146 1376 191 1434 ite
218 1375 391 1438 maledicti
420 1380 456 1440 in
487 1381 609 1460 ignem.
626 1391 803 1442 octennem.
854 1381 948 1442 Haec
977 1392 1018 1440 ut
1045 1375 1115 1440 dixi
1143 1377 1180 1440 in

84 1456 249 1540 praedictio
270 1458 526 1524 substantiarum
548 1461 711 1525 factarum
735 1465 842 1526 aDeo
861 1458 1092 1536 divisionibus,
1113 1479 1182 1524 ma·

83 1537 157 1602 rime
176 1539 261 1604 mihi
283 1543 479 1640 scrupulum
500 1543 671 1630 ingerunt.
706 1548 758 1610 De
778 1543 892 1610 reditu
913 1558 1028 1608 autem
1049 1557 1084 1606 et
1102 1545 1183 1607 adu·

83 1622 205 1687 natione
225 1624 393 1722 quicquid
413 1630 481 1705 jam
502 1649 520 1691 a
542 1642 575 1691 te
600 1627 728 1694 dictum
751 1628 812 1703 est,
837 1630 960 1692 durum
977 1625 1064 1690 mihi
1080 1639 1182 1710 atque

84 1707 247 1771 obscurum
267 1709 504 1773 universaliter
526 1711 589 1774 esse
610 1711 727 1776 fateor.
760 1713 839 1776 Non
862 1710 953 1775 enim
967 1711 1055 1774 clare
1067 1707 1181 1786 video,

83 1793 237 1934 quomodo
267 1791 448 1878 utriunque
463 1794 571 1864 ,sexus
602 1797 772 1860 humanae
800 1809 941 1859 naturae
962 1790 1125 1860 adunatio
1144 1789 1182 1856 in

109 1871 196 1936 hrisio
217 1873 370 1959 primum
392 1897 410 1938 a
431 1875 573 1940 mortuia
595 1879 687 1941 resur
711 1893 790 1942 ente
811 1879 898 1942 facta
921 1878 984 1954 esi,
1008 1892 1042 1940 et
1062 1873 1098 1939 in
1113 1894 1183 1940 om·

84 1953 169 2018 nibua
188 1955 388 2024 homiuibus
403 1962 533 2024 mundo
555 1960 669 2030 sutura
688 1901 751 2036 in,
785 1960 823 2026 in
845 1963 966 2026 eodem
988 1958 1081 2024 enim
1104 1959 1184 2024 seru

84 2059 140 2123 quo
157 2037 193 2102 iu
214 2061 320 2106 earne
343 2039 448 2114 vixit,
472 2041 638 2106 Christum
659 2043 829 2108 credimur
848 2041 1075 2115 resurrexisse,
1101 2042 1183 2104 sem·

83 2141 192 2218 perque
211 2143 414 2220 permanere
435 2137 469 2186 et
489 2126 744 2208 permansurum
766 2126 848 2188 esse!
885 2124 972 2209 Quia
995 2139 1108 2188 autem
1124 2143 1182 2187 ne·

86 2206 162 2289 gabit
186 2205 280 2269 virili
308 2207 386 2269 sexu
414 2204 525 2292 ipsum
547 2207 643 2271 fuisse
663 2207 842 2288 indutum,
874 2207 1071 2304 priusquam
1091 2219 1184 2292 patet

82 2303 159 2349 retur
187 2305 222 2352 et
249 2287 458 2374 resurgeret3
492 2289 647 2370 similiter¹
669 2289 771 2355 etiam
793 2291 960 2354 credimur
982 2309 1101 2354 omnea
1123 2292 1183 2352 ho·

85 2369 177 2434 miuee
197 2370 235 2435 iu
258 2373 381 2435 eodem
404 2372 501 2446 sexu,
523 2373 560 2435 in
583 2394 652 2462 quo
673 2377 821 2446 cadunt,
843 2373 1086 2436 resurrecturoa
1109 2371 1182 2436 esse.

86 2454 249 2536 Quomodo
275 2453 398 2540 quaeso
419 2455 511 2518 urbia
531 2471 693 2520 terrarum
714 2455 886 2543 paradiso,
909 2471 1064 2541 terraque
1084 2452 1183 2517 nnita

85 2539 181 2611 coelo,
212 2537 394 2624 omniaque
424 2537 583 2602 sensibilia
604 2536 1008 2624 creatura-intelligibili,
1042 2553 1077 2602 et
1098 2540 1184 2602 haec

85 2620 183 2683 omnia
201 2625 279 2685 Deo
303 2622 576 2705 copulabuntur,
598 2622 647 2686 ita
667 2637 708 2685 ut
728 2643 836 2686 uuum
858 2623 941 2696 sint,
963 2621 1125 2706 nullaque
1144 2619 1182 2683 in
1218 2639 1223 2656 ⁶

86 2701 125 2765 eia
143 2703 310 2768 diversitas
332 2718 506 2788 appareat;
541 2701 575 2768 et
595 2704 740 2768 maxime
761 2704 864 2778 illud,
898 2705 991 2800 quod
1009 2699 1184 2788 promisisti

86 2805 101 2848 a
118 2800 147 2848 te
168 2789 438 2874 explanandum,
460 2789 527 2849 hoc
547 2787 608 2862 est,
632 2791 803 2875 quomodo
822 2807 975 2852 omnium
993 2784 1184 2849 substantia·

83 2889 147 2942 runi
198 2867 426 2934 raedictorum
453 2867 582 2932 aeditua
604 2869 640 2932 in
664 2883 791 2946 unum,
827 2884 928 2953 atque
949 2867 1111 2932 adunatio
1133 2866 1185 2930 su-

89 2893 229 3017 iunia?
265 2955 388 3028 Utrum
407 2950 534 3036 reipsa,
562 2954 630 3017 hoc
652 2954 713 3027 esi,
746 2950 891 3016 transitu
912 2950 1068 3014 omnium
1089 2950 1185 3014 sensi·

88 3032 190 3099 bilium
211 3036 249 3099 in
274 3033 542 3108 intellectualia,
565 3032 612 3098 ita
633 3050 673 3098 ut
692 3047 829 3121 pera'cto
849 3033 969 3096 mundi
990 3036 1091 3112 hujua
1113 3033 1184 3096 sen·

88 3115 172 3182 sibilie
196 3117 367 3184 curriculo
389 3115 503 3182 omnia
518 3117 581 3180 fint
597 3116 790 3204 spiritualia,
811 3114 898 3178 nihil
911 3135 1113 3200 corporeum
1126 3115 1185 3183 seu

89 3198 222 3266 sensibile
241 3217 434 3275 remaneat;
458 3221 499 3262 an
522 3202 591 3263 solo
614 3199 773 3265 contuitu
787 3196 890 3262 animi
908 3199 1095 3262 naturalem
1109 3196 1185 3262 uni·

91 3297 179 3348 tatem
212 3283 371 3350 omnium
402 3305 512 3346 rerum
541 3281 577 3348 iu
601 3283 667 3348 suia
688 3281 876 3348 rationibut
899 3278 1186 3366 primordialibus·

91 3371 275 3451 quecausie
303 3365 592 3452 contemplantis?
626 3389 663 3430 ea
691 3383 837 3451 namque
867 3385 953 3460 quae
979 3361 1185 3433 extrinsecus

91 3469 123 3511 co
160 3471 237 3517 oreo
271 3449 380 3514 sensui
400 3449 502 3512 'varia
529 3447 798 3537 multipliciaque
826 3449 931 3522 lucre,
963 3447 1184 3532 temporibus,

124 3473 316 3609 diutibua,
347 3530 591 3620 quantitatibua
622 3531 829 3618 caeterisque
857 3529 1016 3594 sensibilia
1044 3545 1185 3596 naturae

90 3553 277 3688 differentiis
299 3632 481 3714 apparent,
503 3614 539 3679 in
561 3615 628 3681 suia
648 3614 836 3688 rationibus
857 3613 1042 3678 secundum
1062 3635 1144 3698 quaa
1166 3635 1185 3678 a

91 3715 226 3766 creatore
258 3721 412 3766 omnium
444 3691 582 3764 c'ondita
602 3701 705 3774 sunt,
730 3695 1008 3782 aeternaliterque
1029 3695 1186 3773 immuta·

93 3781 144 3844 bili
161 3785 238 3849 suae
260 3799 400 3848 naturae
420 3783 523 3861 statu,
547 3783 713 3870 certisque
735 3780 871 3847 divinae
888 3778 1124 3868 providentiae
1135 3801 1185 3844 re·

93 3865 169 3953 gulia
188 3867 381 3942 subsiliunt,
410 3887 498 3965 puro
520 3865 728 3941 intellectui„
759 3887 871 3930 rerum
893 3862 1046 3930 oninium
1066 3861 1185 3928 verita·

93 3963 152 4013 tem
177 3949 384 4038 inquirenti,
417 3950 626 4026 invenienti,
657 3945 897 4024 consideranti,
926 3966 1035 4012 unum
1061 3945 1186 4012 indivi-

95 4032 189 4098 duum
213 4035 376 4100 videntur
404 4035 487 4109 elle,
519 4051 554 4100 et
583 4035 673 4099 sunt.
715 4035 802 4099 Nam
823 4046 988 4120 quantum
1003 4029 1188 4098 exteriores
1254 4065 1255 4070 ι

95 4131 243 4195 naturae,
274 4115 439 4184 sensibiles
461 4117 539 4186 dico
561 4135 661 4208 atque
682 4119 906 4206 corporales,¹
924 4113 1009 4182 locia
1029 4111 1189 4212 tempori·

96 4199 219 4288 hucque
251 4201 454 4290 caeterieque
475 4201 707 4272 accidentibua
726 4199 850 4270 variari
868 4212 1035 4288 appetunt
1064 4196 1115 4274 (in
1135 4197 1188 4262 lua
