3038 4832
519 175 847 288 mereantur
1162 207 1236 290 tac

113 385 186 476 ipsa
205 397 272 454 nec
292 377 431 454 diffiniri
450 385 560 485 posse.
580 407 648 458 occ
667 385 778 460 ullum
797 405 917 460 corum
933 387 1128 483 quaesunt.
1144 390 1229 479 etle3
1342 420 1344 428 ·

113 469 298 558 omniaque
327 491 414 558 quae
434 467 574 538 drffiniri
593 473 753 564 poffont.
781 471 948 560 superare.
994 475 1041 537 D.
1071 475 1144 542 Nec
1163 477 1231 540 hoe

110 577 274 644 quaerere
301 554 597 641 praesumpserim,
629 576 839 644 eognoacenr
861 555 972 704 ¹ipsam
993 556 1135 622 omnino
1155 557 1231 624 infi-

107 639 220 704 uitam
243 638 316 704 effe.
356 637 449 712 Audi
469 637 742 714 nazianzenum.
778 642 882 726 cii-n·¹
901 641 928 704 Ἰ.
942 643 1070 706 omnino
1091 639 1156 730 est,
1176 641 1231 709 in*

106 719 209 812 quit,
238 720 447 812 ecssentium
464 721 648 814 secondum
678 717 785 814 ipsum
819 719 899 816 effe.
930 717 1006 826 ipsa
1034 727 1226 801 cumulatio,
1292 791 1295 800 ,

104 828 197 890 quac
218 805 285 906 fi,
316 819 351 870 et
371 807 509 880 dicitur.
540 828 647 874 corum
667 830 752 893 quac
771 827 802 873 a
814 806 908 874 nobis
928 829 1018 872 ctrca
1038 810 1121 874 illud
1139 811 1229 898 quod

103 904 301 976 quaeratur.
331 903 365 952 et
392 891 620 974 inteutgwmcr
650 903 686 954 et
704 892 880 967 dicuntum·
899 885 969 982 sed
987 891 1127 958 altarum
1146 895 1229 979 qaid
1264 958 1267 970 .

106 987 251 1056 practer
279 971 380 1050 illud,
412 977 502 1038 circa
522 975 611 1060 quod
629 975 712 1038 haec
721 969 828 1068 Junt,·
852 975 1000 1042 continet
1018 999 1156 1065 namque
1175 997 1228 1054 cc,

102 1051 217 1152 ipsum
244 1079 325 1122 cero
352 1055 395 1120 ab
413 1057 468 1122 stis
487 1059 575 1124 mallo
595 1058 695 1125 modo
712 1062 923 1126 concinnare
995 1064 1101 1128 iescae
1120 1065 1228 1128 omnic

103 1146 225 1216 maimo
244 1141 288 1207 ad
308 1145 396 1207 omni
414 1144 547 1228 caelone
565 1163 689 1215 eorum.
711 1162 796 1226 puae
818 1146 909 1206 circa
971 1167 1041 1210 eum
1056 1141 1154 1237 sunt,
1176 1161 1225 1212 ce·

99 1247 195 1290 urere
224 1229 261 1290 in
291 1227 330 1288 di
367 1228 525 1291 tuitionem
546 1225 616 1314 ejus
635 1219 779 1317 infelice,
801 1217 871 1320 sed
880 1221 1020 1318 scientio
1041 1233 1131 1296 colat
1150 1244 1225 1296 ton-

99 1325 179 1374 tum
211 1312 263 1374 inc
338 1311 412 1372 ilem
444 1323 479 1374 ct
525 1329 605 1390 uper
632 1311 852 1386 intellectum.
883 1315 1051 1410 omnisque
1059 1307 1254 1406 summum'

96 1387 285 1480 scientiae.
316 1395 491 1460 divinaac
522 1396 631 1458 entiae
650 1397 839 1458 veritatem.
880 1395 929 1458 M.
962 1397 998 1461 sr
1021 1417 1100 1485 ergo
1120 1419 1224 1466 nemo

103 1473 428 1562 sapientissimorum
462 1475 570 1563 potest
600 1497 805 1562 cognoscere
837 1475 1046 1544 existentium
1081 1479 1225 1548 substan·

99 1560 175 1624 tiae
196 1557 365 1632 rationes.
389 1553 575 1624 secundum
597 1579 679 1645 quae
700 1561 862 1626 fundatae
883 1560 979 1636 sunt,
1004 1559 1079 1649 quie
1101 1567 1225 1630 audeat

100 1645 224 1708 Deum
252 1641 290 1706 in
320 1642 433 1726 aliquo
464 1639 634 1708 diffinire?
667 1641 806 1711 diffiniri
836 1641 909 1708 ase
929 1641 1002 1731 ipso
1023 1645 1149 1733 potest,
1183 1667 1224 1714 ae

97 1747 170 1876 per
188 1727 254 1790 hoc
276 1746 348 1790 non
369 1723 605 1789 universaliter
624 1723 781 1791 inlinitur
803 1723 865 1802 est.
887 1725 945 1794 sed
963 1729 1221 1814 particulariter.

96 1891 177 1979 ipso
192 1890 322 1989 potest3
356 1885 411 1953 vel
432 1907 473 1955 ut
492 1889 541 1955 ita
562 1890 690 1968 dicam,
721 1891 819 1956 ficuti
839 1891 875 1978 ip
922 1891 1057 1970 linitur,
1091 1913 1222 1962 creatu·
1251 1931 1261 1948 .

99 1995 162 2040 rae
189 1971 346 2038 infinitus
367 1969 525 2050 subsistitr
556 1989 590 2040 et
609 1973 634 2037 fi
656 1977 723 2038 hoc
744 1977 861 2038 datum
882 1975 1005 2052 fuerit,
1038 1979 1220 2047 necessario

99 2059 138 2122 se
162 2071 280 2132 uetur,
302 2069 343 2120 ut
364 2067 513 2122 autnon
535 2053 770 2120 universaliter
789 2061 882 2121 Deua
902 2057 1059 2125 infinitus
1079 2061 1133 2135 stt.
1156 2063 1220 2128 fia

96 2079 173 2206 soit
193 2155 363 2214 creatura,
395 2155 604 2204 nouantem
626 2158 645 2202 a
665 2137 790 2220 seipso,
822 2159 893 2236 nuon
915 2139 1039 2227 recipit
1060 2142 1219 2228 diffiniri3

97 2239 162 2288 aut
183 2221 326 2288 omnino
347 2239 413 2287 nec
434 2247 453 2288 a
474 2237 645 2296 creatura,
676 2241 742 2286 nec
763 2243 782 2284 a
806 2219 934 2308 serpso,
961 2240 1002 2288 ut
1024 2225 1220 2290 universali·

96 2323 152 2372 ter
180 2305 339 2372 inlinitur
370 2307 427 2382 fit,
463 2305 534 2370 ullo
563 2307 668 2370 modo
698 2301 939 2370 diffinitionem
968 2306 1125 2394 percipit.
1172 2313 1217 2375 D.
1301 2383 1303 2388 ,

127 1829 212 1872 rex
240 1823 393 1872 creatura
413 1806 623 1873 solummodo
646 1807 776 1874 difiniri
796 1831 868 1876 non
916 1812 1015 1888 otest,
1044 1812 1118 1882 ase
1138 1821 1251 1880 vero'
1359 1847 1361 1852 ¹
1498 1861 1505 1882 .

93 2389 290 2456 Praesentia
321 2386 422 2470 hujut
449 2385 722 2454 ratiocinationis
748 2385 932 2486 caliginem
957 2387 1218 2460 inaccessibilem
1340 2427 1344 2442 ·

97 2475 166 2540 esse
194 2471 351 2550 aestimo,
388 2487 422 2536 et
442 2470 505 2536 nifi
526 2469 614 2558 ipse,
651 2469 710 2558 qui
732 2487 921 2558 quaerrtur,
953 2475 1103 2539 dextram
1123 2474 1218 2556 suam

99 2547 399 2706 arettae
419 2554 1218 2722 artaretnssnnenntn:a

97 2725 134 2790 se
162 2722 311 2788 diffinire
337 2744 409 2786 non
430 2719 544 2808 poffit,
577 2719 652 2808 quia
673 2719 901 2807 ignorantiam
923 2737 958 2785 et
976 2721 1023 2788 im
1050 2687 1217 2792 eteritiam

99 2807 140 2872 in
171 2829 250 2872 eum
278 2807 396 2870 cadere
416 2801 570 2892 negarit?
600 2803 829 2900 ignorantiam
849 2803 995 2899 scilicet,
1023 2747 1139 2871 gnon
1164 2808 1217 2872 in·

99 2889 176 2956 tetli
200 2890 227 2952 't
245 2889 330 2976 quid
351 2891 410 2972 [ιη
432 2888 670 2974 impotentiam
690 2905 789 2962 tero,
815 2885 930 2952 finon
947 2887 1054 2973 potest
1068 2887 1215 2956 diffinire

99 2971 165 3072 φή
208 2971 355 3037 subsistit.
396 2975 569 3058 Impotcna
592 2968 684 3032 cnim
704 2966 879 3034 videbitur
900 2969 980 3044 esse,
1007 2975 1144 3057 quando
1167 2974 1215 3036 se·

96 3057 212 3144 rpsum
231 3055 269 3119 in
292 3053 405 3140 aliquo
426 3076 497 3120 non
518 3053 625 3140 potest
648 3049 811 3124 diffinire.
827 3052 870 3115 ‘fi
892 3071 975 3116 vcro
997 3069 1032 3116 et
1051 3053 1215 3142 intelligit

96 3157 133 3204 et
158 3135 304 3214 diffinit,
333 3136 417 3222 quid
437 3137 509 3284 ipse
528 3137 587 3212 lit3
618 3157 689 3200 non
713 3132 855 3232 omnipo
875 3131 1032 3200 infinitus
1054 3137 1117 3202 effe
1137 3159 1213 3223 pro-

95 3221 257 3297 habitur,
287 3223 369 3285 dum
400 3242 419 3285 a
463 3222 516 3284 ola
542 3234 694 3298 creatura
716 3215 854 3283 drffinrrr
875 3238 947 3282 non
997 3219 1099 3296 otest,
1155 3219 1214 3286 uia

95 3307 195 3372 nullo
229 3305 332 3370 modo
351 3301 396 3367 'ab
419 3313 458 3368 ea
479 3299 590 3366 intelli
617 3300 702 3377 ’tur3
738 3299 814 3366 ase
833 3321 914 3365 vero
935 3241 1008 3388 ipio
1032 3318 1066 3366 et
1090 3301 1125 3368 di
1162 3303 1213 3370 ni·

96 3405 173 3464 tur,
196 3401 232 3452 et
252 3384 471 3474 cognoscitur
492 3383 576 3472 quid
622 3399 646 3450 t.
689 3385 739 3449 M.
756 3385 815 3448 Ne
836 3385 990 3462 turbere,
1026 3385 1084 3450 sed
1104 3387 1213 3486 magia

94 3475 192 3538 bono
219 3469 334 3536 animo
357 3470 440 3546 esto,
470 3469 555 3534 haec
576 3465 669 3532 enim
689 3465 909 3533 consideratio
930 3471 1059 3538 noaad
1079 3491 1142 3535 noa
1162 3491 1213 3557 rp-
1241 3493 1246 3504 ¹

95 3557 151 3620 soa
169 3553 411 3641 intelligendos
432 3549 587 3629 attrahit,
610 3567 646 3614 et
667 3555 710 3616 ad
731 3572 789 3627 ea,
811 3573 897 3638 quae
918 3549 976 3637 pie
998 3553 1040 3616 de
1060 3555 1134 3618 Deo
1150 3575 1212 3618 no-

94 3639 160 3702 llro
182 3637 364 3725 cogitanda
385 3651 420 3700 et
438 3634 661 3722 intelligenda
682 3649 717 3699 et
736 3632 995 3722 pronuncianda
1014 3636 1114 3712 sunt,
1136 3634 1211 3722 ipso

92 3736 284 3809 praeeunte
313 3718 482 3820 perducit.
526 3719 665 3867 quanto
685 3739 833 3866 nemppe
851 3716 889 3782 in
909 3717 1056 3784 introitu
1075 3717 1212 3806 inquist-

95 3803 204 3872 tiouia
230 3803 295 3870 cali
333 3803 414 3870 nosa
443 3817 479 3868 et
508 3801 542 3867 la
566 3801 674 3888 oriola
693 3817 776 3904 puta
800 3800 886 3878 itur,
918 3817 1014 3868 tanto
1061 3803 1213 3889 erspicua

96 3901 134 3953 et
159 3887 297 3954 fluctuo
359 3885 556 3986 reperietur.
613 3889 701 3952 Firrr
729 3887 813 3950 enim
843 3907 909 3951 non
935 3900 1015 3971 pote
1075 3894 1135 3962 (ut
1163 3885 1212 3952 ait

94 3972 242 4036 Sanctae
262 3971 479 4074 Augustanus)
508 3971 653 4056 quadm
671 3971 886 4056 procidentia
905 3971 1041 4050 divina,
1077 3985 1116 4036 ot
1136 3971 1212 4050 reli·

92 4052 198 4151 giofis
218 4059 338 4122 animas
347 4047 485 4150 seipsos
505 4067 540 4119 ct
559 4047 798 4156 Deumsuum,
819 4055 857 4119 td
874 4053 938 4142 ess,
962 4057 1139 4119 veritatem
1154 4057 1212 4134 pie

95 4163 136 4207 cc
146 4133 304 4236 studiose
323 4139 553 4228 quoercmibut
574 4140 764 4208 incantandi
772 4131 931 4233 funestos
945 4135 1043 4234 defit.
1067 4141 1110 4204 D.
1129 4139 1209 4203 Nou
1282 4197 1284 4202 ,

730 4259 768 4326 10
