3048 4856
234 234 238 247 '
300 209 383 297 228
461 243 469 258 ⁸
618 223 673 293 lle
693 190 877 294 samm
894 221 1070 318 sisoim.

210 468 214 480 .
261 381 265 390 ¹
304 426 359 490 tus
380 407 567 482 velare,‹et
585 409 707 494 pedes,
730 407 798 472 hoc
817 406 865 474 eli
883 406 1099 476 altitudinem
1122 405 1259 474 divisrae
1279 406 1427 474 virtutis

89 499 95 506 “
205 521 239 562 ⁴.
301 491 447 570 ,intuerit
463 489 554 556 entia
572 489 670 578 super
692 512 828 557 omnem
851 491 1024 558 conditam
1045 506 1200 556 naturam
1223 507 1258 558 et
1277 492 1430 578 prosun-

303 577 445 645 dilatem
465 574 567 662 iplius
588 574 625 640 in
646 575 700 640 his
723 597 807 722 Euae
828 598 889 661 per
911 598 1004 652 eam,
1028 591 1062 640 et
1082 574 1118 640 in
1143 597 1181 640 ea
1203 579 1245 640 de
1267 595 1305 642 ea
1327 575 1426 639 sacta
1517 575 1518 652 ᾗ

301 663 392 726 sunt.
435 661 514 726 Non
544 673 658 724 tamen
681 662 722 724 de
748 674 837 724 nunt
857 662 971 726 volare
992 660 1119 724 sursum
1141 659 1266 723 versus.
1309 658 1339 804 ς

303 760 387 812 runt
414 741 507 810 enim
534 742 663 828 semper
694 758 859 890 (psammu
890 743 1027 830 possunt
1048 741 1164 808 divina
1187 740 1294 830 gratia
1329 742 1431 805 uble·

300 845 401 904 vata,
424 827 491 892 five
511 843 652 892 naturae
671 827 708 889 iu

1342 679 1429 721 uae·
1517 671 1518 712 i

734 824 855 910 tilitate
877 849 914 892 ea
937 848 1022 914 quae
1042 826 1195 913 superse
1216 823 1347 890 suntin
1372 822 1430 888 in·
1517 843 1518 894 ἲ

302 911 441 979 finitum
463 909 670 996 appetentia.
705 910 772 974 Ubi
794 907 906 975 autern
929 910 1109 984 deliciunt,
1133 924 1326 974 reverenter
1348 908 1430 971 vul·
1517 955 1518 974 t

303 1011 359 1062 tus
381 996 477 1070 suos,
499 997 566 1058 hoc
588 994 651 1068 est,
674 993 973 1080 contemplationis
995 993 1102 1058 aciem
1124 993 1242 1058 divino
1263 989 1357 1056 radio
1371 1011 1429 1054 re·

297 1077 446 1169 percussi
471 1078 679 1152 defendunt,
719 1092 754 1140 et
782 1079 821 1142 ab
853 1075 999 1142 introitu
1027 1077 1141 1142 incom
1167 1073 1426 1143 rehenfibilium

302 1160 555 1247 mysterieorum
574 1161 651 1225 suos
674 1157 883 1246 theologicos
898 1163 1020 1246 pedes,
1041 1163 1107 1226 hoe
1124 1101 1185 1236 ei,
1210 1158 1428 1228 intellectua-

201 1291 208 1306 ·
301 1247 351 1312 les
374 1245 535 1346 ingrelsus
558 1246 754 1322 retrahunt,
777 1243 1063 1342 pequidincaute
1084 1245 1139 1306 vel
1161 1259 1287 1308 temere
1309 1243 1350 1306 de
1371 1239 1428 1306 in·
1517 1271 1518 1316 3

304 1329 495 1396 effabilibus
534 1348 669 1394 omnem
695 1350 739 1392 ue
778 1329 994 1400 intellectum,
1025 1326 1260 1412 superantibus
1291 1325 1429 1411 praesu·
1517 1371 1518 1374 ,

303 1429 410 1482 mant.
440 1411 477 1478 si
499 1434 577 1560 ergo
600 1410 677 1499 puri
715 1409 764 1476 mi
785 1409 988 1482 intellectus,
1001 1429 1144 1495 quorum
1167 1410 1317 1492 symbola
1331 1428 1427 1495 prae·

307 1496 408 1566 dictis
438 1493 550 1562 anima
564 1495 640 1562 ibus
662 1491 834 1581 theologia
854 1491 1043 1582 praemisrt,
1076 1492 1167 1558 inter
1188 1511 1273 1578 quos
1297 1507 1332 1555 et
1351 1499 1430 1556 ver·
1487 1551 1490 1556 .

303 1583 386 1648 bum
408 1581 502 1646 nulla
522 1577 685 1646 medietas
708 1578 752 1642 est
772 1594 905 1664 praeter
926 1575 1079 1660 omnium
1100 1598 1212 1640 rerum
1227 1575 1340 1640 causas
1355 1573 1426 1660 pri·

303 1663 504 1738 mordiales,
539 1660 813 1728 excelsitudinem
847 1660 985 1726 divinae
1007 1657 1166 1724 claritatis
1188 1655 1427 1746 superomnia

303 1743 464 1827 fusaeque
490 1742 529 1806 in
563 1743 679 1811 omnia
699 1742 835 1808 virtutis
858 1760 892 1808 et
921 1739 1104 1830 sapientiae
1124 1765 1143 1806 a
1163 1743 1293 1806 summo
1313 1747 1425 1826 usque

238 1866 243 1890 ι
307 1821 462 1890 deorsum
485 1825 708 1905 attingentis,
742 1845 760 1879 a
782 1825 852 1882 fine
872 1837 980 1905 usque
1002 1821 1186 1897 adfinem,
1208 1825 1276 1886 boe
1298 1821 1357 1898 etl,
1381 1824 1424 1886 ab

304 1903 408 1973 initio
436 1899 682 1968 'intellectualia
715 1915 887 1982 creaturae
910 1924 1016 1988 usque
1041 1905 1083 1966 ad
1103 1903 1326 1970 vermiculum
1348 1927 1423 1991 per·

304 1988 487 2056 timescant
512 1983 702 2071 inspiceret
733 2001 980 2072 cognoscentes
1001 2001 1139 2052 naturae
1160 1989 1238 2052 suae
1260 1987 1426 2076 capacita-

304 2088 376 2138 tem
397 2071 544 2136 adhaec
565 2069 804 2134 confideranda
823 2090 895 2134 non
918 2068 1086 2146 sufficerem
1123 2070 1206 2157 quid
1228 2093 1292 2138 nos
1313 2074 1426 2138 adhuc

304 2173 407 2223 earne
428 2149 557 2239 gravmi
580 2153 622 2228 de
640 2149 756 2218 divina
764 2151 969 2300 prudentis,
995 2169 1029 2219 et
1045 2154 1242 2242 operatione
1253 2155 1424 2220 rationem

244 2311 246 2316 ,
303 2241 445 2304 reddere
466 2234 655 2302 conamur?
677 2233 743 2299 Ubi
779 2239 832 2300 ola
854 2236 971 2302 divina
991 2239 1148 2302 voluntas
1172 2238 1352 2325 cogitanda
1366 2239 1422 2314 eil,

304 2342 392 2408 quae
422 2335 581 2405 operatur
613 2317 728 2382 omnia
760 2336 863 2404 prout
884 2322 977 2402 uult,
1014 2321 1073 2408 qui
1095 2321 1188 2386 omni
1214 2323 1344 2388 raesens
1367 2321 1423 2399 etl.

305 2419 341 2471 et
372 2404 541 2468 naturales
573 2399 723 2466 rationes
759 2405 924 2480 occultas,
970 2419 1004 2468 et
1031 2345 1277 2493 investigabiles
1305 2403 1425 2470 inserit

305 2483 484 2562 omnibus,
519 2481 597 2572 quia
619 2482 772 2548 omnium
795 2487 1054 2584 supernaturalis
1074 2489 1161 2553 ratio
1184 2487 1244 2564 est,
1271 2487 1350 2586 quia
1371 2488 1423 2554 ui·

304 2569 355 2636 hil
376 2565 551 2644 secretius,
573 2564 662 2632 nihil
683 2568 907 2654 praesentium
930 2569 1068 2636 difficile
1089 2571 1148 2652 ubi
1169 2573 1226 2648 srt,
1250 2570 1422 2640 difficilius

300 2651 365 2719 ubi
388 2672 460 2718 non
481 2651 531 2716 stt.
561 2653 644 2714 Lux·
656 2649 839 2718 ineffabilis
862 2652 1020 2719 omnibus
1040 2653 1326 2720 intellectualibus
1343 2677 1423 2720 ocu-

303 2737 346 2804 lis
366 2735 497 2822 semper
516 2733 688 2822 praeseus,
714 2749 750 2798 et
770 2737 900 2800 anullo
918 2733 1095 2802 intellectu
1111 2738 1328 2826 cognoscitur
1340 2739 1423 2826 quid

305 2822 365 2920 fit3
385 2841 448 2906 per
468 2815 583 2884 omnia
605 2815 724 2882 diffusa
745 2817 782 2882 in
804 2819 998 2894 infinitum.
1023 2835 1058 2885 et
1072 2822 1111 2886 fit
1128 2821 1165 2886 in
1182 2821 1424 2888 omnibusom·

304 2926 378 2979 nra‚
402 2917 437 2967 et
456 2901 493 2968 in
514 2903 611 2966 nullo
631 2903 775 2966 nullum.
821 2905 925 2988 Quod
945 2920 1058 2968 autem
1081 2905 1152 2970 dixi
1172 2905 1263 2970 inter'
1284 2927 1367 2993 quos
1384 2921 1421 2972 et
1517 2897 1518 2922 ¹

304 2989 446 3054 verbum
466 2985 560 3052 nulla
578 2983 742 3050 medietas
765 2985 825 3062 est,
846 3002 979 3072 praeter
995 2987 1149 3054 omnium
1164 3011 1275 3054 rerum
1289 2989 1420 3066 causas;
1517 3051 1518 3062 ,

198 3139 202 3155 ,
303 3087 483 3220 propterca
510 3067 628 3135 addidi
653 3087 703 3132 'ne
730 3068 808 3216 pupis
840 3069 989 3134 aestimet
1009 3071 1163 3137 coelestes
1186 3072 1339 3138 elsentias
1361 3072 1424 3138 im·
1517 3095 1518 3158 j

761 3199 772 3229 Ι

304 3177 359 3224 me
385 3153 468 3220 istas
498 3153 579 3228 effe,
610 3154 678 3216 hoc
712 3173 729 3216 e
799 3154 930 3218 nullam
958 3153 1175 3222 medietatem
1202 3155 1293 3220 inter
1320 3157 1355 3221 le
1386 3173 1422 3222 et

304 3239 439 3306 causam
460 3235 615 3302 omnium
636 3237 770 3300 habere.
802 3235 965 3320 Quamvis
989 3253 1101 3302 autem
1124 3239 1280 3304 dicantur
1301 3241 1424 3326 Angeli

329 3321 397 3386 uali
419 3317 549 3468 eggigi,
585 3320 653 3383 hoc
684 3319 744 3395 est,
777 3322 870 3398 juxta
898 3319 1074 3386 domiuum
1095 3321 1205 3408 ipsum
1227 3315 1422 3408 constituti3

305 3345 409 3492 {ggis
442 3405 593 3490 squidem
615 3403 742 3467 Graece
763 3401 889 3486 dicitur
909 3403 1022 3484 juxta,
1057 3425 1128 3470 non
1152 3402 1277 3470 tamen'
1286 3406 1333 3470 ita
1355 3427 1424 3471 cre·

202 3561 206 3570 ,
305 3487 411 3554 alendi
432 3487 511 3551 sunt
530 3483 633 3560 sacti,
656 3500 786 3550 utnon
810 3508 927 3565 eorum
948 3487 1064 3552 causae
1077 3487 1114 3552 in
1132 3491 1235 3554 verbo
1251 3487 1421 3556 conditae„

303 3572 406 3637 Nulla
434 3567 526 3636 enim
556 3583 707 3633 creatura
741 3565 785 3633 eil
805 3575 902 3650 cujus
924 3571 1020 3646 causa
1040 3571 1129 3638 sacta
1151 3593 1222 3653 non
1243 3569 1424 3659 praecedat
1517 3593 1518 3664 3

201 3676 203 3683 ’
303 3653 342 3720 in
364 3656 487 3730 verbo,
509 3653 697 3720 secundum
718 3674 819 3740 quam
840 3651 1065 3730 substituitur,
1091 3669 1131 3718 ut
1149 3655 1207 3731 fit,
1233 3671 1268 3720 et
1290 3656 1422 3722 ordina·
1517 3709 1518 3720 ,

303 3753 377 3814 tur,
405 3752 446 3802 ut
465 3737 606 3823 pulchre
626 3735 682 3814 fit,
717 3751 753 3800 et
773 3736 976 3814 custoditur,
1012 3753 1053 3801 ut
1074 3737 1286 3804 aeternaliter
1306 3740 1364 3814 fit,
1387 3756 1423 3806 et
1517 3819 1518 3822 Ἴ

303 3819 533 3888 manifestatur
559 3817 618 3884 seu
644 3819 814 3896 'senfibus,
846 3820 905 3886 seu
932 3819 1162 3888 intellectibus
1184 3825 1227 3890 ad
1247 3821 1423 3890 materiam

303 3903 414 3972 laudis
443 3903 544 3991 ipsius
572 3900 675 3970 unius
702 3904 837 3980 caulae,
875 3925 916 3968 ex
963 3927 1024 3981 ua,
1055 3919 1090 3969 et
1119 3904 1157 3972 in
1186 3928 1270 3996 qua,
1307 3921 1342 3972 et
1360 3930 1422 3998 per

303 4004 427 4078 quant,
462 4003 497 4052 et
522 3988 565 4052 ad
596 4007 716 4073 quam,
749 3984 889 4054 condita
916 4007 934 4054 e
1020 3987 1205 4056 Credamus
1237 3991 1354 4090 itaque
1387 4005 1423 4058 et

305 4087 471 4174 guantum
496 4071 594 4136 datur
613 4069 739 4136 mentis
759 4068 832 4136 acie
851 4067 1064 4148 iutueamur3
1085 4073 1201 4140 omnis
1220 4073 1364 4142 visibilia
1386 4089 1422 4140 et

305 4154 501 4234 invisibilia,
521 4169 656 4221 aeterna
677 4169 712 4224 et
731 4151 983 4243 intemporalis,
1005 4153 1159 4246 illudque
1175 4173 1363 4236 aeternum,
1383 4173 1421 4226 et
