2970 4826
271 250 277 268 ·
325 233 407 314 464
661 229 1115 342 llelltar‘rr‘oneNoluue.

323 421 385 528 «poi
410 417 560 522 omniuo·
582 417 680 486 aliter
708 419 751 486 de
780 417 940 486 humanis
971 415 1170 520 eorporibua
1189 419 1263 516 poll
1282 421 1443 524 resurree-

321 503 1444 686 llll„‘filatir„tilttwifflttlit‘ttltlsstss‘,l

320 675 377 740 vel
407 693 485 762 non
512 673 544 736 le
581 672 635 736 lle.
678 673 721 735 n.
759 671 979 818 Consepueua
1002 670 1053 736 dia
1080 672 1242 738 utauonie
1265 676 1358 738 ordo
1384 674 1442 738 eai-

322 757 392 844 git,
414 771 455 820 ut
474 693 580 842 quif
578 751 722 854 quiaque
740 755 867 820 Euclefi
888 754 1043 818 streorurn
1074 753 1270 842 apientum,
1295 777 1390 844 quoa
1407 760 1442 822 le

347 840 355 856 '
385 839 393 856 '
426 845 511 917 <non
547 859 639 904 eorm
660 859 778 904 omnee
800 853 834 902 te
854 836 968 924 legisse
989 835 1142 926 opinor,
1168 841 1261 926 quod
1284 839 1442 927 cuiquam

320 919 1212 1092 {titlblt‘lllt‘iistis‘fit'0ft‘t'u
1233 923 1357 1072 :²:122
1368 924 1441 1074 ti:

321 1029 464 1178 quaerog
480 1110 547 1177 qua
566 1029 699 1154 sitione
721 1026 847 1155 dicitur
892 1085 996 1164 erire,
1054 1089 1126 1154 uod
1146 1085 1184 1154 in
1205 1087 1438 1176 primordiale

319 1175 435 1240 causae
461 1174 517 1240 vel
551 1188 642 1238 certe
662 1171 699 1238 iu
721 1171 832 1260 ipsum
888 1193 966 1238 eum
985 1192 1047 1258 per
1071 1170 1183 1236 ibetur
1202 1174 1438 1240 reversuram:

322 1253 501 1358 dumtplua
522 1256 823 1356 pronunciandum
842 1256 882 1320 lit
899 1253 1018 1320 vivere
1038 1269 1073 1320 et
1092 1275 1316 1344 permanere,
1345 1281 1438 1346 quau

320 1356 461 1408 autenre
482 1355 517 1404 et
540 1356 693 1406 tranarre.

371 1441 435 1488 ur.
469 1423 518 1488 Μ.
540 1423 632 1489 Huic
652 1439 731 1488 tuae
753 1418 1015 1510 interrogationi
1038 1417 1187 1486 breviter
1208 1439 1247 1488 ae
1267 1421 1379 1490 facile
1398 1445 1437 1488 re·

320 1507 490 1596 spondeo,
512 1509 551 1576 ll.
574 1505 728 1590 Dionysii
738 1505 969 1592 «Areopagitae
983 1504 1219 1592 propheticam
1233 1505 1436 1576 sententian

320 1590 522 1678 exponentia
544 1591 676 1656 sensum
697 1589 929 1666 eonsrderaua,
950 1583 1099 1681 pretioso
1119 1593 1155 1654 iu
1173 1583 1360 1680 conspeetu
1374 1593 1436 1658 Do

320 1679 403 1740 mtua'
432 1697 518 1742 mors
550 1677 744 1740 sanctorum
765 1675 844 1760 ejus.
889 1673 1090 1738 Sanctorum
1111 1671 1276 1760 liquidem
1295 1694 1437 1742 mortua

320 1779 393 1824 nou
415 1757 514 1838 aliam
535 1753 573 1822 in
594 1760 662 1823 hoe
682 1755 780 1820 versu
799 1757 1001 1844 prophetam
1023 1755 1139 1820 dixisle
1154 1755 1288 1833 astruit,
1309 1776 1437 1844 praeter

319 1839 458 1906 illorum
493 1839 673 1906 trauaitum
703 1837 742 1904 in
772 1843 885 1906 Deum
906 1837 1206 1924 contemplationia
1229 1841 1437 1918 celsitudine,

303 1907 436 1990 *omnia
456 1921 599 1990 visibilia
621 1937 657 1989 et
676 1921 858 1988 invisibilia
878 1921 1091 2020 superunter,
1111 1923 1222 1988 adhuc
1242 1921 1282 1988 iu
1298 1947 1438 2014 corpore

318 2006 503 2079 constituti.
547 2009 639 2074 Num
668 2021 703 2071 et
727 2007 849 2071 Patrue
881 2007 940 2070 alle
960 2005 1193 2105 Apostolorum
1213 2023 1338 2074 vertex
1358 2033 1438 2076 mor·

317 2106 400 2158 tuua
434 2107 505 2158 eret
527 2089 623 2158 omni
645 2105 816 2157 creaturae
837 2103 872 2152 et
893 2103 1051 2154 tranarvrt
1072 2111 1108 2154 ιιι
1130 2093 1269 2166 Deum,
1294 2097 1438 2244 gumiz

1337 2193 1371 2242 tr

177 2177 187 2192 ⁰
317 2174 470 2242 Domino
491 2171 716 2264 interroganti
737 2194 838 2262 quem
860 2171 895 2236 ie
916 2173 988 2238 effe
999 2171 1148 2250 diceret,
1169 2173 1291 2260 respon

318 2283 356 2326 es
377 2258 541 2354 Christro,
555 2259 653 2408 pilius
665 2259 739 2323 Dei
750 2257 852 2322 uluis
872 2255 964 2320 Num
981 2254 1133 2320 similiter
1143 2257 1319 2324 lohauuea
1332 2263 1437 2328 Euan·

343 2343 432 2408 elisla
462 2343 556 2408 omui
581 2365 621 2407 ue
665 2361 729 2406 uae
749 2340 838 2406 faeta
859 2339 939 2404 sunt
960 2339 1142 2406 defunctua
1164 2339 1225 2417 est,
1255 2341 1436 2412 altitudine

318 2441 334 2492 t
360 2423 470 2492 euriae
500 2441 624 2496 cuneta
666 2445 811 2512 uperana
841 2437 876 2488 et
905 2423 1072 2488 clamarat
1110 2427 1154 2490 In
1172 2411 1349 2510 principio
1372 2443 1437 2496 erar

316 2509 450 2576 verium
462 2543 485 2584 ,·
500 2522 536 2589 pt
562 2508 695 2576 verbum
716 2521 791 2571 erut
811 2506 904 2604 apud
924 2507 1060 2580 Deum,
1089 2521 1124 2572 et
1143 2509 1243 2574 Deus
1264 2527 1346 2578 erat
1368 2539 1434 2582 ver·

316 2593 413 2671 bum,-
433 2607 571 2681 totaque
592 2591 694 2680 ipfiur
717 2587 880 2654 mirabilia
903 2605 938 2654 et
956 2589 1138 2660 ineffabilia
1153 2593 1328 2682 Theologi
1350 2603 1435 2664 theo-

316 2673 392 2744 rial
425 2675 516 2744 Audi
544 2675 738 2764 Apostolum
768 2672 1042 2740 adhue‘mortali
1073 2693 1215 2762 corpore
1243 2677 1434 2758 detentum,

315 2777 491 2910 moranum
519 2775 632 2864 tamen
660 2759 761 2932 [οἰκ
786 2755 991 2906 ire-rugitum?
1003 2757 1340 2911 ἐιιέἳινιΐιίοιιιῑιῗὼ
1350 2771 1435 2833 Mili

316 2867 578 2912 mutemur
679 2867 757 2926 xa,
947 2867 965 2905 e
1204 2889 1214 2908 .
1341 2867 1436 2916 arta·

314 2949 383 3078 pue
404 2929 449 2994 ell
470 2844 848 2995 intensi-ilanuoruni
865 2863 1163 3024 eoirtempiationia
1175 2927 1304 2994 virtute
1329 2932 1370 2996 iu
1392 2935 1437 3021 ip

82 3013 85 3025 '
217 3075 223 3082 .
331 3035 390 3080 um
421 3017 533 3080 Deum
555 3011 819 3089 traureuutium,
855 3021 890 3074 et
911 3029 1026 3074 omma
1046 3031 1134 3096 quae
1154 3011 1233 3076 suut
1252 3028 1287 3076 et
1310 3016 1435 3103 seipsor

315 3097 499 3164 altitudine
520 3097 656 3164 divinae
678 3094 805 3184 gratiae
825 3091 1067 3180 superantium.
1110 3095 1162 3178 Eo
1191 3093 1309 3183 itaque
1330 3105 1435 3168 modo

314 3179 437 3270 quoii
467 3180 528 3270 qui
559 3181 687 3245 virtute
718 3195 822 3267 atque
846 3175 988 3268 seientia
1015 3175 1219 3264 implentur,
1253 3183 1372 3248 adhue
1401 3185 1436 3248 iu

282 3267 379 3330 ·lrao
407 3263 478 3330 vira
508 3261 681 3331 constituri
713 3265 784 3328 solo
806 3259 920 3326 animo
941 3260 1135 3338 intereunt,
1168 3276 1261 3328 totua
1281 3270 1437 3334 muudus

240 3390 242 3402 ·
313 3351 452 3436 quando
474 3345 731 3422 terminabitur,
753 3343 917 3411 interibit.
953 3349 993 3410 lu
1014 3343 1125 3432 ipsum
1144 3343 1236 3410 euim
1254 3345 1315 3434 qui
1336 3373 1438 3438 prop-

285 3430 366 3500 ’,ιιι
386 3433 424 3496 su
450 3427 751 3497 erelseutialitatem
771 3429 851 3494 suae
870 3441 1010 3494 nauatae
1032 3427 1120 3496 nihil
1142 3426 1286 3506 dieitur,
1325 3455 1438 3500 rever·

185 3517 188 3526 '
311 3515 367 3580 sue
440 3529 545 3590 ,non
566 3529 606 3579 ut
626 3529 719 3580 totua
744 3511 940 3590 deificetur,
974 3526 1034 3576 aut
1054 3534 1133 3579 eum
1156 3515 1231 3579 Deo
1252 3535 1368 3582 uuum
1392 3519 1437 3584 ef.

311 3596 465 3675 finiatur,
486 3613 526 3664 ut
547 3597 701 3664 eoelestea
721 3596 865 3662 virtuter
889 3611 924 3660 et
943 3595 1085 3664 humani
1106 3595 1212 3662 animi
1231 3595 1435 3678 illuminati,

310 3679 468 3830 triti·
490 3679 659 3844 liiii?
681 3681 740 3830 ‘ii
759 3679 1436 3850 liefflixiniii‘iiiltliiiirilil

311 3849 436 3915 Causae
458 3865 571 3916 autem
592 3845 749 3917 omnium
768 3845 807 3913 iu
829 3849 905 3913 Deo
927 3847 990 3912 elle
1010 3846 1201 3914 substitutae
1221 3870 1328 3914 nemo
1348 3851 1433 3918 fide·

309 3928 396 4001 lium
418 3933 561 4000 dubitat.
605 3932 675 4020 Qui
696 3929 790 3998 euim
811 3929 962 4008 dubitat,
986 3946 1045 3996 aut
1064 3930 1213 3998 infidelia
1234 3931 1279 3996 est
1301 3951 1365 3998 aut
1385 3937 1434 4000 iu·

214 4049 219 4071 ι
308 4015 465 4102 fipieua:
486 4016 637 4086 Proinde
667 4035 770 4084 omne
802 4015 896 4104 quod
914 4012 953 4080 in
975 4015 1106 4104 eausam
1126 4015 1220 4082 suam
1240 4017 1431 4094 reducitur,

309 4099 348 4164 in
369 4103 482 4170 Deum
501 4099 610 4168 redire
631 4120 692 4167 our
715 4097 953 4168 dubitaretur?
974 4099 1020 4162 Et
1041 4118 1092 4164 ne·
1105 4097 1207 4164 rearia
1227 4119 1282 4164 me
1302 4115 1432 4168 temere

309 4185 423 4252 Deum
444 4185 575 4284 roeaffe
593 4183 707 4268 nihil,
729 4198 765 4252 et
783 4183 881 4252 nulla
901 4179 1103 4252 auctoritate
1124 4179 1327 4262 suffultum,
1350 4183 1431 4252 audi

1251 4467 1255 4486 ¹
1343 4466 1358 4520 l
