3038 4832
488 258 599 332 lton
617 255 816 338 δισίων.
1142 262 1212 344 119.

91 447 297 512 Stnctorum
332 441 371 511 iu
406 446 515 512 Verbo
561 445 627 514 Dei
655 442 836 533 unlgeulto
865 441 1110 533 intelliguntur
1135 449 1209 528 esse,

91 529 196 596 itum
215 529 385 594 muudum
405 529 569 597 rihhisem
588 529 776 619 hgniheare
795 527 932 596 videtur
943 528 1148 612 huistmilm
1171 553 1211 600 ee

86 614 204 678 ferma
234 609 419 678 locutionis
442 635 529 700 quae
550 615 677 679 Graece
699 611 825 678 dicitur
844 611 1075 698 synecdoche,
1105 629 1141 680 et
1159 614 1211 680 in·
1259 631 1272 651 ⁰

87 709 300 782 terpretatur
320 695 523 794 conceptio,
555 719 622 796 qna
643 697 750 795 sormp
768 717 846 795 pare
868 717 888 764 t
908 711 1002 773 toto,
1026 711 1212 844 'totumlqup

89 802 111 842 a
133 795 231 877 ptrte
249 778 476 866 fignificaturt
507 802 708 880 pnuequam
728 794 835 868 tgrtur
853 783 1002 844 mundue
1023 779 1085 844 nte
1101 802 1136 844 vr
1161 783 1211 846 hr-
1295 839 1300 850 .

87 861 136 927 lie
158 885 197 926 tn
223 883 346 960 genere
367 877 401 926 et
423 863 554 950 spectet
576 885 762 951 omnesque
782 884 941 928 numeror
962 859 1128 928 sensibiles
1149 883 1212 950 per
1331 905 1335 922 .

88 955 346 1032 generatronem
374 949 598 1032 procederet,
639 963 718 1012 ante
748 959 899 1034 tempora
927 943 1087 1012 secularia
1116 949 1210 1014 Dent

89 1043 191 1115 pater
217 1031 362 1094 Verbum
388 1029 484 1094 suurn
520 1028 661 1116 genuit,
693 1027 729 1094 in
752 1033 845 1117 quod
865 1045 900 1096 et
918 1051 980 1117 per
1000 1031 1094 1117 quod
1113 1045 1210 1094 natu·
1262 1079 1281 1094 ,

88 1133 206 1176 rarum
240 1111 394 1176 omnium
414 1111 646 1199 primordiales
667 1113 780 1178 causae
799 1112 1048 1200 persectiffirnae
1069 1111 1208 1190 creavit,
1288 1165 1289 1170 ,

87 1215 179 1282 quae
212 1193 328 1260 divina
360 1195 575 1281 providentia
610 1195 859 1262 administrante
888 1195 1035 1261 mirabili
1064 1197 1211 1282 quadam

87 1276 268 1342 harmonia
284 1276 547 1364 pro'ceslionihue
561 1278 628 1344 suia
651 1301 712 1367 per
727 1277 992 1366 generationem,
999 1263 1149 1344 riumerie
1160 1280 1210 1344 lo·

86 1381 211 1426 corum
227 1377 261 1424 et
280 1377 481 1448 temporum,
491 1383 653 1452 generum
675 1383 810 1450 quoque
833 1383 872 1428 uc
891 1361 1077 1511 specierum
1095 1359 1211 1428 multi·

88 1443 241 1532 plicihut
271 1443 489 1520 differentiie,
526 1449 619 1510 hunc
646 1449 813 1511 mundum
844 1444 906 1510 rifi
930 1445 1010 1511 ilem
1040 1447 1081 1510 ab
1105 1442 1209 1510 initio

90 1547 204 1626 quoe
271 1525 318 1602 it,
340 1549 447 1614 utque
470 1531 511 1592 ad
535 1529 637 1594 finem
659 1532 728 1616 qu'o
751 1529 878 1595 desinet
898 1529 979 1604 esse,
1011 1549 1083 1593 non
1104 1525 1208 1592 tholi·

89 1627 190 1675 troue
210 1631 230 1672 e
256 1608 386 1686 entiae,
408 1611 467 1676 sed
488 1612 688 1697 qualitatum
711 1627 746 1678 et
767 1611 995 1699 quantitatum
1016 1609 1208 1676 moratione

88 1690 238 1758 mturali
259 1693 357 1756 cursu
377 1693 570 1780 perficiunt.
587 1697 644 1760 lit
662 1716 707 1760 ne
726 1694 858 1760 mireris
876 1711 988 1761 totum
1001 1696 1096 1760 huuc
1108 1701 1207 1758 mu'n·

89 1780 176 1841 dum
201 1790 297 1860 parte
318 1777 376 1840 sua
395 1776 592 1863 significari,
626 1799 711 1864 quae
731 1779 777 1842 esi
794 1777 955 1855 Lucifer,
986 1798 1065 1843 cum
1088 1776 1205 1842 videat

114 1881 152 1923 er
172 1855 282 1944 ipsum
303 1858 406 1922 solem
425 1859 499 1936 (mi
522 1861 650 1946 semper
670 1864 828 1926 adhaeret
849 1861 1002 1938 Lucifer,
1024 1881 1096 1925 non
1112 1857 1207 1926 enini

88 1883 195 2027 iunge
218 1943 259 2004 ab
285 1961 327 2006 eo
347 1941 493 2012 recedit,
529 1943 585 2006 sed
606 1957 664 2007 aut
684 1945 786 2029 paulo
809 1961 888 2009 ante
908 1944 1019 2031 ipsum
1041 1941 1215 2008 orientem.

91 2025 219 2097 oritur,
241 2038 301 2087 aut
320 2024 422 2108 poulo
470 2021 516 2086 ost
538 2024 752 2090 occidentem
775 2026 915 2106 occidit)
943 2030 1037 2090 hunc
1058 2028 1207 2090 eundern

92 2109 261 2173 muudum
281 2105 418 2188 mystice
438 2047 635 2191 ignificari,
662 2106 797 2171 dicente
817 2111 1014 2180 Salomone,
1051 2109 1143 2206 (laid
1159 2103 1210 2191 ςβ

90 2191 180 2278 quod
199 2189 302 2276 filit?
330 2183 436 2290 ipsum
467 2188 558 2274 quod
575 2182 733 2275 futurum
762 2185 821 2276 ιβ.
869 2188 959 2288 perid
979 2184 1029 2274 ιβ
1047 2189 1135 2269 quoa
1144 2187 1208 2276 su·

91 2291 200 2339 mmm
235 2271 312 2364 ests
348 2267 452 2364 apston
473 2271 561 2358 quoti
571 2263 771 2370 faciendum
792 2267 861 2359 ιβ.Ι
889 2267 1046 2368 nt'ltilsub
1084 2270 1134 2368 plp
1153 2291 1208 2336 rto·
1262 2293 1267 2301 ·

88 2381 173 2423 uum.
211 2355 399 2420 Periclem
421 2353 581 2439 hquidem
604 2373 675 2418 non
698 2373 886 2439 incongrue
906 2351 965 2416 hic
983 2263 1208 2438 intelitgrmue

91 2461 227 2508 omnem
255 2436 419 2502 rihhilem
448 2453 649 2500 creaturam:
683 2457 754 2500 non
784 2433 876 2500 enim
905 2435 1115 2502 solummodo
1149 2455 1209 2500 ete

90 2540 203 2611 partee
231 2525 333 2600 hujus
358 2518 519 2592 mundi..
537 2541 623 2604 quae
655 2517 744 2583 intra
772 2518 911 2583 solarem
931 2517 1096 2583 circulum
1117 2539 1235 2590 cumn
1274 2591 1279 2604 ¹

90 2609 367 2694 prehenduntur,
393 2617 554 2665 terrarum
577 2601 653 2665 dico
676 2621 904 2688 aquarumque
925 2617 1099 2676 naturam,
1134 2608 1208 2665 adra

92 2709 228 2786 quoque
258 2705 336 2750 cum
365 2683 536 2748 inferioris
573 2683 717 2747 aetheris
737 2699 831 2770 purte
853 2703 920 2770 qua
938 2682 1066 2747 lunaris
1087 2683 1207 2768 glohut

93 2773 263 2843 rolmtur,
286 2767 340 2832 hie
360 2765 473 2830 verbio
495 2765 664 2862 Theologi
685 2766 933 2852 significantur,
960 2771 1080 2830 verum
1103 2781 1137 2828 et
1156 2764 1208 2828 su·
1231 2815 1232 2822 ,

91 2847 599 3002 thmdieltlltltll
618 2850 844 2994 little
863 2849 1112 2994 tlzssttmlt
1128 2845 1233 3006 ftz'

90 3025 161 3086 hoc
184 2938 327 3089 estiiub
349 3015 478 3078 mundo
498 3011 585 3076 nihil
609 3009 651 3075 etl
672 3031 822 3084 novum,
856 3011 922 3073 lire
945 3011 1020 3095 quie
1040 3009 1210 3108 intelligat

90 3103 142 3168 nil
173 3121 306 3164 uorum
337 3097 399 3160 else
426 3094 462 3158 in
490 3093 673 3181 praesentit
694 3091 786 3156 vitae
808 3091 975 3156 curriculo
998 3094 1090 3176 quod
1111 3113 1207 3177 pnue

91 3207 166 3252 non
195 3195 370 3269 appareret
395 3177 432 3242 in
453 3177 598 3240 naturali
620 3199 732 3240 rerum
756 3173 894 3250 ordine;
930 3174 980 3238 nil
1003 3172 1095 3238 enim
1116 3173 1210 3239 aliud

93 3271 131 3334 in
155 3263 364 3354 temporibus
384 3275 516 3358 praeter
538 3262 721 3323 earundem
742 3279 854 3322 rerum
875 3255 1124 3322 revolutionem
1138 3257 1209 3321 seu·

94 3353 181 3416 titur
203 3365 239 3414 et
259 3345 476 3430 intelligitur:
510 3343 577 3406 live
598 3358 638 3404 ut
660 3341 828 3405 Maximua
848 3343 941 3404 hunc
961 3341 1075 3404 locum
1097 3339 1208 3426 Scrip-

95 3453 192 3498 turae
224 3427 402 3515 intelligit,
435 3423 533 3517 puori
552 3439 631 3524 prete
650 3428 733 3489 kurrc
752 3425 904 3488 mundum
914 3417 1011 3513 fuit,
1045 3421 1083 3486 id
1103 3427 1140 3505 ip
1157 3443 1211 3492 ton

85 3507 834 3671 llffl'lnsllltlmtslsslzthll}
851 3527 947 3666 llll,
962 3519 1209 3653 “ifflinudi

97 3685 167 3748 sole
188 3701 343 3753 uorum,
365 3677 402 3743 id
423 3677 484 3754 est,
506 3673 670 3822 quicquid
689 3694 817 3739 norum
838 3673 985 3772 suhhoc
1005 3673 1135 3770 mundo
1153 3669 1212 3746 eu,

98 3765 189 3832 nihil
211 3763 273 3830 estt
292 3765 442 3828 mundo·
463 3758 584 3826 enmi
611 3772 741 3842 etotut
757 3757 1014 3832 novuedrcttur,
1036 3769 1212 3841 quraettt·

98 3869 166 3916 nne
186 3867 259 3913 uon
281 3845 343 3924 est,
373 3844 519 3931 ideoque
537 3841 626 3908 nihil
647 3841 709 3906 estc
740 3837 871 3938 peribit
891 3837 982 3904 enim
1003 3859 1081 3903 cum
1094 3835 1212 3904 omui·

99 3937 165 4000 hue
185 3951 273 4020 quae
292 3928 330 3994 in
350 3949 391 3995 eo
414 3927 508 4002 sunt,
530 3926 609 3992 telle
628 3923 813 4000 Psalmrsta,
836 3920 896 4010 qui
917 3921 984 3998 ait,
1010 3926 1124 4004 Opere
1143 3941 1211 3984 mo·

101 4039 201 4084 mum
222 4029 351 4080 tommo
358 4005 444 4107 fiant
463 4011 565 4084 coeli,
588 4006 653 4101 ipsc
672 4007 836 4092 peribant.
879 4002 916 4072 Si
937 4019 1050 4070 tutem
1066 4003 1212 4070 maxima

102 4121 183 4190 pert
202 4092 344 4176 mundi,
371 4115 458 4186 quae
481 4095 615 4162 coelum
635 4093 699 4159 esse
719 4089 918 4180 perhibetur
936 4103 1037 4176 atque
1057 4089 1213 4176 pulcher·

104 4182 212 4263 rime,
240 4195 454 4270 meoque
478 4192 591 4267 portet
615 4173 770 4266 undique
789 4171 917 4244 ambire
933 4192 1007 4242 uon
1024 4169 1211 4259 ignoratur,
