2970 4826
149 203 155 239 ί
1094 201 1098 206 .

996 329 1011 358 ,
1097 264 1176 340 446

54 447 104 550 cst
140 443 345 536 naturaiiter
372 459 622 546 compactarum
655 445 705 514 eia
734 445 1114 547 divinaritmrationuui
1134 453 1175 522 ab

52 531 1175 713 btsssffissztb'zssssstzb'dd'stt?titbzdfitbssb

52 698 359 878 battitdsb‘:
374 699 1174 868 dsbtd‘btbtestrabss‘sbt‘s:

52 866 207 932 modum
238 882 370 932 ammae
396 864 502 931 veluti
523 867 673 932 membra
692 863 844 952 corporis
865 880 1056 962 compacta.
1089 865 1174 964 opti·
1289 943 1293 950 ‚

52 969 115 1014 mo
139 943 298 1040 Domino
319 946 434 1016 sactoa·
447 949 490 1012 ad
512 949 721 1017 voluntatem
743 962 880 1023 tractat,
905 964 939 1014 et
958 947 1094 1036 propria
1114 971 1175 1038 tm·

53 1033 132 1120 plet
166 1031 280 1116 gsorta
309 1043 344 1094 ct
368 1027 593 1107 beatitudine,
622 1031 728 1098 vitam
761 1035 844 1096 dana
867 1045 901 1096 ct
922 1033 1053 1098 dunaua
1073 1047 1175 1098 aeter·

51 1135 139 1179 nam
172 1128 280 1198 atquc
300 1110 527 1189 ineffabilem,
557 1129 592 1178 et
612 1114 769 1180 omnibus
790 1113 901 1180 modia
920 1112 1076 1180 universa
1094 1114 1177 1192 libe·¹

52 1219 129 1262 ram
156 1193 363 1296 cognitione
385 1195 583 1262 constitutae
601 1197 818 1286 proprietatio
837 1197 1037 1298 praesentia,
1052 1213 1095 1278 pet
1114 1197 1176 1287 p'er

52 1294 324 1366 corruptroncm
344 1279 548 1346 consistentia
569 1281 677 1356 vitae,
700 1303 800 1370 quam
820 1280 981 1362 vadelicet
1000 1280 1106 1347 vitam
1121 1303 1174 1350 aa·

55 1381 198 1428 ternam
221 1381 294 1427 nun
316 1369 371 1426 adr
390 1361 578 1450 inspirant,
605 1385 717 1453 neque
737 1363 909 1452 sanguinis
928 1363 1031 1431 rivuli
1051 1367 1175 1452 hepate

53 1445 210 1513 fluentia
230 1445 459 1518 constituunt.
480 1447 538 1512 sed
556 1450 649 1514 Deua
669 1463 762 1514 tctua
784 1447 864 1514 totia
885 1447 1116 1534 participatur.
1141 1464 1176 1514 at

4 1585 5 1588 ,
53 1530 197 1596 animae
228 1525 267 1592 iu
294 1531 435 1596 modum
472 1532 515 1595 ad
545 1551 684 1618 corpur,
716 1545 751 1595 et
770 1551 831 1618 per
851 1529 1002 1596 medium
1024 1529 1175 1598 animum

54 1618 100 1680 ad
134 1632 264 1698 corpur
287 1611 413 1688 sactua,
446 1613 531 1680 ficut
550 1613 649 1682 novit
668 1613 756 1702 ipsc,
785 1629 824 1678 ut
844 1635 883 1680 ca
904 1612 1041 1700 quidem
1063 1614 1175 1680 anima
1275 1659 1278 1666 ·

7 1733 15 1754 ·
52 1693 422 1765 inconversibilitatem
444 1696 515 1764 acci
541 1697 608 1773 iat;
629 1698 715 1764 illud
736 1717 817 1764 vcro
838 1717 961 1784 corpur
977 1696 1175 1767 immortali·

53 1795 184 1856 tatem,
209 1793 247 1842 et
267 1793 358 1844 totua
380 1781 484 1846 bomo
529 1779 683 1847 cificctur
701 1803 763 1928 per
780 1777 996 1846 inhumanati
1018 1779 1083 1846 Dei
1161 1817 1175 1832 ·
1282 1793 1284 1799 '
1327 1763 1337 1796 ⁸

53 1864 143 1930 tiam
175 1859 388 1946 deificantia,
424 1877 516 1928 tatur
543 1863 681 1951 quidem
727 1884 806 1930 omo
827 1885 967 1930 martana
988 1865 1089 1935 secun
1116 1887 1174 1932 um

52 1946 232 2020 animam.
262 1960 297 2008 et
318 1958 446 2092 ίιιῑιηιιιι
474 1967 536 2032 pet
562 1962 737 2025 naturam,
761 1962 809 2045 ct·
831 1961 924 2012 totua
944 1947 1054 2014 sactae
1073 1951 1169 2048 me

53 2031 429 2196 {idabwdtb
442 2042 1175 2190 bvbtdrtsstt'btznisammte

54 2219 162 2366 Quam
194 2191 292 2258 niuis
315 2189 359 2256 est
386 2192 429 2256 ad
453 2191 563 2258 intelli
607 2195 714 2260 ndum
744 2132 893 2260 incidiae
925 2210 984 2260 aut
1004 2137 1124 2262 eracli
1163 2243 1173 2263 .

80 2279 154 2350 ,uid
179 2275 274 2342 enim
293 2271 460 2350 θεῶσεος,
490 2275 567 2356 ide
614 2275 830 2343 deificatione
851 2276 962 2364 dignit
984 2279 1172 2357 amabilior,
1295 2335 1298 2340 .

55 2381 263 2510 tszmqttb
283 2357 600 2529 &bosiridis
614 2358 1179 2530 stiffttbts‘tdsb'fi‘t‘tb

57 2521 168 2595 homo
190 2547 333 2592 manent
353 2525 538 2592 secuudum
560 2525 708 2592 animam
727 2541 763 2591 et
783 2547 906 2613 corpur
925 2548 987 2614 per
1006 2491 1171 2606 urinarum,

4 2671 6 2676 .
44 2628 110 2675 et·
130 2625 227 2675 tatur
256 2609 365 2673 sactua
396 2613 490 2676 Deua
518 2610 703 2688 secundum
733 2609 880 2676 animam
905 2625 941 2676 ct
968 2631 1090 2700 corpur
1111 2635 1173 2701 per

55 2692 241 2782 ὅτιιῑίιιῐιθΙ
284 2692 431 2756 Naturae
458 2690 563 2776 igitur
592 2691 744 2758 manebit
764 2691 976 2780 proprietas,
1001 2711 1036 2758 ct
1057 2717 1173 2764 catum

58 2771 296 2870 eritpunitaa⁹
328 2793 394 2840 uec
415 2772 606 2869 proprietas
633 2775 763 2839 auferet
782 2792 977 2842 naturarum
998 2778 1173 2844 adunatio·

44 2879 160 2931 ntem,
193 2877 260 2920 nec
284 2857 448 2920 adunatae
479 2870 673 2921 naturarum
694 2857 945 2942 proprietatem.¹
987 2863 1029 2923 D.
1049 2861 1174 2929 isthaec

60 2959 151 3038 quac
174 2959 193 3000 a
206 2952 250 3012 tc
270 2937 360 3002 dicta
381 2937 459 3002 suut
475 2937 628 3024 quamvia
643 2959 742 3004 verae
756 2939 881 3007 rationi
895 2941 1074 3008 videantur
1090 2943 1174 3013 fimi·

4 3047 8 3058 ·
57 3027 127 3098 ha,
152 3019 269 3086 minua
291 3036 404 3086 tamen
427 3020 626 3108 capacibua,
652 3043 832 3108 rerumque
851 3039 1005 3090 naturam
1026 3028 1174 3092 confide·
1215 3075 1221 3086 .

57 3103 217 3171 rantibua
238 3102 468 3181 videbuntur,
506 3119 546 3168 ut
567 3103 706 3190 opinor.
742 3105 849 3172 veluti
871 3101 1034 3193 quaedam
1057 3109 1174 3178 delira·

58 3204 200 3266 menta,
221 3209 261 3252 ac
279 3185 411 3252 animet
428 3188 706 3255 contradicentia.
748 3191 893 3276 Magnus
913 3191 936 3256 si
960 3190 1075 3258 uidem
1092 3195 1172 3260 Gre-

60 3271 181 3359 goriua
202 3272 366 3353 Nyssenua
380 3269 453 3358 ait,
476 3286 516 3334 ut
539 3269 641 3346 dicit,
672 3319 694 3347 „
720 3275 790 3338 uod
811 3214 1040 3342 animaiuum
1061 3291 1173 3354 totum
1226 3319 1240 3344 ι

61 3377 189 3452 corpur
220 3353 258 3422 iu
287 3353 427 3450 seipsam
458 3354 672 3420 construitura
693 3294 748 3430 it,
779 3371 813 3420 et
834 3377 912 3422 cum
933 3357 1006 3444 ipso
1027 3381 1117 3426 unua
1139 3375 1174 3426 et

60 3437 218 3534 spiritua,
242 3452 276 3502 et
298 3457 447 3511 animoa,
471 3452 507 3500 et
527 3441 620 3502 Deua
641 3439 770 3502 sutura:
793 3439 860 3504 cui
882 3440 984 3506 ctiam
997 3443 1173 3519 saratMa·

62 3540 193 3595 armata,
217 3520 353 3586 diccnat
376 3520 527 3588 Omnino
549 3535 700 3618 tempore
720 3523 972 3602 resurrectionia
987 3526 1173 3604 secandum
1277 3523 1284 3538 ’

62 3603 153 3697 bene
173 3604 322 3670 sutram
343 3603 595 3668 convarfioncm
616 3625 653 3668 an
674 3605 696 3670 S
722 3603 803 3672 iritu
817 3609 1023 3694 Sancto‘per-
1031 3611 1174 3697 gratiam

61 3685 231 3754 rummati
252 3685 318 3750 Dei
339 3685 568 3752 absorbebitur
589 3707 667 3752 caro
688 3627 728 3752 ai
750 3687 862 3756 anima
881 3690 918 3756 iu
940 3689 1078 3777 spiritur
1101 3692 1173 3760 aui-

63 3787 120 3830 ma
145 3787 233 3864 'vcro
253 3769 291 3834 in
312 3773 420 3835 Deo.”
444 3767 625 3836 accidui
647 3791 782 3858 quoque
801 3773 900 3838 Beati
920 3776 1081 3854 Ambrosii
1100 3778 1181 3844 scu·.

65 3863 210 3921 tentiam
231 3855 273 3916 de
294 3851 501 3920 adunatione
521 3853 866 3933 humanae-naturae,
887 3859 955 3928 hoc
975 3859 1037 3937 est,
1061 3863 1103 3926 dc
1122 3881 1173 3926 rc·

20 4016 22 4025 Α
65 3929 142 3996 ditu
172 3930 211 3998 in
232 3955 359 4013 uum,
388 3957 434 4001 ne
454 3934 616 4006 videreria
638 3937 842 4016 Graecorum
863 3940 1072 4009 solummodo
1096 3964 1172 4008 auc·

64 4029 179 4112 tprtun
201 4019 434 4086 auctoritatem
453 4019 569 4106 sequit
592 4021 687 4086 uallo
703 4022 829 4090 auxilio
844 4023 1017 4092 Latialiter
1032 4027 1172 4112 loquan-

64 4112 171 4173 uum,
193 4097 264 4166 imo
285 4099 385 4168 ctiam
407 4106 449 4168 dc
468 4115 588 4169 natura
608 4123 728 4172 aarum
742 4104 988 4193 dirputantium
1003 4109 1170 4184 suffultum,

63 4181 139 4268 Ipsa
169 4179 331 4282 siquidem
362 4189 462 4266 docet
487 4200 556 4256 tace
581 4188 751 4255 humanae
780 4204 920 4256 naturae
940 4189 1169 4266 subsistentia-r,
1210 4275 1212 4280 ,
