3036 4862
176 271 179 276 .
213 185 344 302 ’,θεῖ
579 220 633 286 sse
653 219 835 288 diluuium
858 225 1030 288 n'atruae.

156 463 168 470 .
223 420 227 432 ’
262 404 356 493 quod
376 401 591 550 idcorrupple
613 405 723 470 adhuc
745 417 887 474 naturae
908 417 980 470 arat
1000 401 1212 504 infitumet
1231 400 1269 466 iu
1284 406 1378 501 quod

261 493 328 590 hoc
358 501 508 632 corrupti
533 487 578 552 tle
599 503 635 552 et
653 489 795 554 mortale
816 487 1038 554 reversurum.
1085 489 1292 560 sanaretur,
1326 508 1379 550 m·

261 573 462 743 3:7²¹ng
491 657 526 718 in
545 658 693 721 mrtutar
721 657 761 721 ln
784 654 875 804 puali
895 654 1049 720 virtutes
1087 654 1191 742 lpfiua
1215 651 1381 718 videlicet

260 736 429 825 carpene,
452 737 658 917 puodjpriue
678 756 798 804 natura
811 739 877 804 iter
899 738 944 803 est
965 735 1155 804 conditum.
1191 739 1380 804 seminatu-

481 570 578 647 olus,
603 574 670 638 hoc
691 571 735 636 esi
757 562 799 637 de
823 571 950 637 semine
970 568 1119 636 nascitur
1140 574 1176 634 t'rr
1196 573 1380 653 comptio-

121 879 126 888 .
260 827 296 887 in
315 836 461 889 eontrtme
474 825 529 887 iar
565 839 661 908 urget
681 817 717 888 iu
737 823 868 908 plurim
877 816 1065 916 sarriuntur
1078 822 1197 906 corpus
1208 823 1381 898 Auimulea

249 901 373 997 surget
402 927 520 990 corpur
537 906 731 1000 spirituale.
779 909 891 974 Omne
922 907 1084 994 liquidem
1105 909 1198 994 quod
1219 904 1379 972 naturali·

262 1007 313 1056 ter
344 990 382 1055 in
403 989 544 1056 homine
565 991 609 1056 all
629 1009 797 1068 creatum,
826 989 1006 1056 necessario
1029 989 1243 1054 aeternaliter
1263 1005 1379 1054 manet

245 1075 433 1173 ¹integrum
454 1089 554 1160 atque
574 1075 821 1163 inourruptum.
857 1075 936 1140 Non
960 1073 1052 1138 enim
1076 1073 1212 1141 divinae
1234 1071 1378 1154 justitiae

247 1157 306 1222 *esi
324 1159 457 1244 visum,
482 1179 522 1222 cx
544 1180 584 1224 eo
607 1163 699 1246 quod
721 1159 805 1224 fecit
825 1158 1005 1246 quicquam
1025 1156 1154 1244 perire,
1183 1155 1375 1244 praesertim

249 1261 341 1325 ²curu
371 1257 444 1306 non
472 1240 543 1328 ipsa
564 1259 683 1308 natura
704 1241 915 1330 peccaverit,
954 1241 1011 1306 sed
1032 1239 1186 1327 perversa
1207 1241 1376 1316 voluntte,

262 1345 348 1411 quae
369 1339 486 1390 contra
507 1342 662 1392 naturam
683 1326 939 1402 rationabilem,
968 1321 1244 1390 irrationabiliter
1265 1344 1377 1390 ruore·

262 1422 326 1472 tur.
370 1407 477 1488 Cujus
497 1408 546 1472 rei
567 1409 751 1480 maximum
775 1410 819 1474 est
840 1424 1087 1497 argumentum.
1123 1406 1159 1472 si
1180 1408 1379 1479 naturaliter
1417 1437 1428 1453 ν
1515 1425 1516 1438 ’

233 1481 236 1503 ’
263 1488 346 1555 inest
366 1489 499 1558 homini
521 1493 640 1558 mortio
663 1494 799 1565 odium.
823 1495 995 1580 quomodo
1019 1491 1056 1556 in
1080 1490 1161 1556 odio
1183 1511 1255 1555 non
1278 1493 1379 1555 habe·

236 1589 314 1663 gret
339 1574 539 1662 naturaliter
565 1575 686 1642 mortio
714 1577 870 1642 causaml
901 1579 1083 1642 Peccatum
1114 1574 1202 1640 dico.
1244 1575 1378 1660 Euhoe

263 1677 446 1722 commune
478 1659 638 1724 omnibus
665 1659 867 1728 animalibus
897 1661 958 1736 est,
994 1675 1158 1734 mortem,
1190 1657 1379 1744 mortisque

171 1749 180 1770 ⁹
261 1740 374 1805 causae
405 1739 556 1806 devitare
588 1757 622 1807 et
653 1743 783 1808 timere.
826 1745 873 1808 Ut
900 1763 981 1831 ergo
1012 1743 1126 1807 nullut
1149 1739 1280 1827 sapient
1302 1742 1383 1816 vult,

262 1844 408 1888 errorem
428 1823 617 1902 incurrere,
639 1824 687 1890 ita
711 1829 859 1892 humana
880 1843 1000 1892 natura
1022 1825 1135 1892 noluit
1155 1845 1315 1910 peccare;
1338 1845 1378 1888 ac

261 1927 322 1992 per
343 1909 410 1979 hoc
432 1908 590 1974 conditor
612 1908 714 1996 ipfiua
737 1913 818 1976 dum
841 1911 880 1974 fit
901 1909 1136 1990 jussus-noluit
1151 1931 1225 1974 eam
1242 1908 1377 1994 punire,

260 1988 373 2056 voluit
395 2007 509 2056 autem
531 1991 563 2056 ei
587 1993 809 2079 superaddere
830 1993 866 2058 in
890 2015 959 2080 quo
979 1995 1086 2080 posset
1100 1992 1270 2065 delictum
1286 1993 1378 2079 quod

262 2091 303 2135 ex
323 2075 477 2160 perversa
497 2077 674 2140 voluntate
696 2093 731 2141 et
751 2077 912 2142 suadente
935 2078 1087 2164 serpente
1108 2075 1292 2150 acciderat,
1333 2095 1379 2138 ue

261 2155 391 2243 semper
411 2155 444 2220 ei
466 2157 682 2232 adhaereret,
708 2159 856 2242 purgari.
900 2163 1029 2225 Natura
1050 2157 1379 2253 fiquidemnrationa·

186 2266 191 2277 ¹
261 2237 304 2304 lie
334 2255 368 2303 et
395 2237 652 2312 intellectualia,
689 2238 842 2324 quamvia
865 2243 977 2304 noluit
999 2241 1092 2312 salli,
1128 2255 1244 2324 poturt
1265 2256 1378 2306 tamen
1491 2303 1498 2306 .

264 2307 400 2406 decipfl;
423 2321 617 2408 praesertim
638 2343 716 2386 curn
739 2325 893 2387 nondum
917 2319 1130 2388 formationie
1153 2323 1230 2387 suae
1250 2325 1378 2410 persec-

264 2403 393 2476 tionem
416 2403 601 2490 acceperit,
625 2427 725 2490 quam
748 2403 868 2472 merito
891 2403 1106 2470 obedientiae
1125 2406 1203 2469 esset
1220 2428 1298 2472 acce
1325 2423 1376 2471 tu·

145 2497 153 2510 ·
263 2507 316 2561 ra,
345 2485 381 2548 in
408 2486 573 2560 Tbeofin.
601 2487 851 2555 deificationem
875 2488 952 2554 dico
975 2488 1252 2554 tranesormanda.
1331 2511 1376 2556 on

264 2587 344 2655 ergo
367 2569 529 2632 debemur
548 2571 589 2634 de
602 2573 750 2634 humana
762 2587 881 2636 natura
894 2571 1059 2651 judicare,
1083 2572 1266 2638 secundum
1282 2577 1375 2660 quod

263 2649 435 2750 corporeis
459 2651 605 2718 senfibur
626 2671 782 2750 apparet,
806 2671 840 2720 et
853 2655 974 2720 merito
985 2653 1377 2753 praevaricationiepoe·

262 2737 386 2799 uthter
416 2737 459 2803 ad
488 2733 742 2802 similitudmem
771 2738 1052 2804 irrationabilium
1086 2737 1281 2804 animalium
1314 2763 1377 2825 per

263 2819 421 2904 copulam
441 2819 579 2884 sexuum
601 2817 637 2882 in
659 2822 727 2886 hoc
748 2825 878 2887 mundo
902 2821 1131 2908 temporaliter
1151 2823 1377 2909 corruptibili·

264 2915 398 2988 terque,
435 2907 531 2982 cujua
561 2902 638 2966 finis
666 2925 757 2968 more
781 2905 842 2970 ess:
874 2928 991 2972 verum
1014 2907 1197 2970 secundum
1219 2910 1312 2994 quod
1333 2909 1376 2972 ad

262 2982 448 3070 imaginem
476 2983 542 3049 Dei
573 2985 770 3074 priusquam
800 3005 973 3074 peccaret,
1007 2989 1144 3054 condita
1174 2990 1229 3056 est
1273 2992 1397 3075 Quod·

264 3065 366 3131 etiam
395 3089 531 3134 omnem
561 3071 690 3134 sensum
721 3093 939 3158 corporeum,
974 3093 1178 3172 omnemque
1199 3075 1375 3138 mortalem
1414 3093 1419 3102 ·

264 3149 507 3248 cogitationem
524 3173 586 3238 pro
605 3151 767 3218 ineffabili
783 3171 922 3218 naturae
937 3155 1102 3242 dignitate
1117 3160 1375 3243 incomprehen-

263 3231 402 3298 fibrliter
421 3233 529 3321 sugit,
553 3235 609 3298 sed
631 3235 770 3324 decepta
793 3239 957 3323 etlapsa,
979 3259 1101 3323 pravae
1123 3239 1200 3306 suae
1221 3241 1376 3305 volunta-

263 3315 308 3380 tia
329 3316 476 3380 tenebris
499 3335 692 3393 occaecata,
724 3335 758 3383 et
779 3317 917 3406 seipsam
940 3335 974 3384 et
995 3337 1178 3388 creatorem
1200 3322 1297 3388 suum
1319 3325 1377 3388 ob·

263 3396 386 3463 livioni
408 3397 556 3466 tradidit.
598 3403 643 3464 Et
664 3405 747 3466 haec
771 3403 814 3466 eli
836 3403 1018 3470 miserrima
1041 3427 1130 3470 more
1154 3401 1277 3491 ipfiue,
1298 3426 1375 3492 pro·

263 3479 523 3570 iuodiffimaque
557 3480 593 3547 in
625 3483 786 3571 caliginat
817 3483 828 3548 i
880 3487 1029 3552 orantiae
1057 3489 1254 3563 submerfio.
1291 3504 1326 3554 et
1357 3510 1377 3554 a

264 3562 369 3649 seipsa
390 3579 464 3630 eta
485 3581 634 3632 creatore
655 3567 714 3634 suo
736 3507 923 3668 longiid'ma
945 3571 1116 3654 distantia3
1137 3571 1375 3637 irrationabili·
1405 3620 1408 3630 .

147 3670 148 3673 ¹
263 3647 328 3712 bue
357 3667 438 3712 vero
468 3649 733 3739 mortalibusque
756 3653 984 3720 ammantibue
1004 3653 1165 3741 proxima·
1178 3653 1376 3743 turpissima·

174 3779 176 3786 ,
265 3751 332 3818 que
351 3731 556 3812 fimilitudo;
587 3755 627 3798 ex
650 3757 716 3822 qua
735 3735 859 3802 iterum
881 3759 982 3802 nemo
1004 3759 1077 3802 earu
1123 3737 1213 3803 otuit
1233 3738 1376 3806 redime·

127 3843 136 3854 =
264 3833 319 3887 re.
351 3835 528 3892 revocare,
559 3819 739 3896 reducere,
771 3821 874 3886 etad
903 3820 1021 3886 ilatum
1041 3819 1093 3907 pr'
1121 3819 1219 3887 inum
1240 3825 1375 3912 dequo

264 3895 433 3964 ceciderat
461 3899 656 3979 restaurare,
688 3903 745 3967 sed
764 3903 832 3968 Dei
849 3902 1011 3990 sapientia
1032 3927 1118 3991 quae
1140 3925 1214 3970 eam
1235 3903 1373 3982 creavit,

265 3999 406 4070 eamque
425 3981 463 4048 in
484 3983 651 4050 unitatem
673 3983 750 4051 sure
770 3986 969 4054 substantiae
988 3988 1137 4075 accepit.
1173 4005 1214 4053 ut
1234 3991 1279 4056 fic
1299 4009 1374 4054 eam

264 4061 414 4143 salvarer,
436 4080 471 4131 et
485 4083 608 4134 cuncta
628 4067 786 4136 liberaret
807 4069 950 4137 miseria.
970 4071 1049 4138 Non
1062 4069 1214 4172 teipitur
1222 4087 1371 4145 moreat,

265 4149 357 4232 quod
378 4151 421 4218 de
440 4151 590 4219 humana
609 4157 730 4224 natura
748 4152 883 4223 dictum
903 4154 967 4236 ess,
988 4169 1096 4224 totam
1115 4177 1154 4224 ιη
1173 4155 1284 4246 seipsa
1298 4153 1372 4224 ubi·
