3038 4832
303 233 376 305 uo
445 237 446 244 ¹
637 231 691 301 ne
710 228 893 302 bauan
912 211 1085 302 uuum.

306 405 458 484 collectus
476 414 700 503 superantem.
744 413 875 484 Marito-
891 433 1028 501 queque
1050 401 1176 512 causae
1184 413 1420 500 primordiales

303 499 544 586 incompositae
564 499 822 587 praedicantur,
856 498 935 566 sunt
955 497 1048 566 enisu
1069 499 1127 565 sim
1152 499 1233 564 sscss
1256 497 1422 597 omnique

304 582 548 670 compositione
570 582 712 649 omnino
734 597 906 658 carentem
942 581 1080 648 namin
1103 522 1152 648 eg
1173 581 1226 646 esl'
1237 579 1422 648 ineffabilis

304 667 435 744 unitas,
458 665 755 755 inseparabilisque
770 665 1059 762 incompofitaque
1074 663 1261 739 baunonia,
1275 665 1422 732 *univer-

288 750 414 816 saliter
445 750 673 816 differentium
707 753 766 816 seu
798 747 955 814 fimihum
986 747 1134 836 partium
1165 749 1423 896 copulationem

304 837 402 921 super
443 835 569 898 edient.
613 833 707 920 Quid
735 833 845 900 dicam
867 835 908 898 de
930 833 1033 898 caussa
1052 831 1207 918 principa
1221 831 1298 900 ibus
1320 833 1422 898 intel·
1498 915 1499 918 Ἴ

303 920 414 984 leotua
428 915 458 980 is
474 916 641 994 essentiae,
670 939 787 984 nonne
801 914 1097 1002 congruentissime
1108 916 1303 980 tenebrosae
1319 915 1424 998 abyssi

303 1001 471 1066 vocabulo
493 1023 513 1066 a
534 1002 663 1088 Spiritu
682 1003 798 1068 sancto
821 1001 1006 1087 appellitae
1031 997 1134 1064 sunts
1165 1000 1303 1080 abyssus
1326 999 1422 1064 enirn

304 1083 466 1150 dicuntur
493 1101 632 1171 propter
659 1106 773 1150 earnm
794 1082 908 1150 incons
934 1081 1168 1148 rebensibilem
1188 1080 1419 1159 altitudinem,

303 1165 543 1265 infinitamque
564 1169 614 1234 sui
636 1190 697 1255 per
718 1166 837 1234 omnia
855 1165 889 1232 di
941 1167 1084 1265 sionem,
1106 1187 1208 1314 ,puae
1228 1167 1325 1232 nullo
1345 1188 1422 1253 per-

303 1252 1020 1432 suessulauastauere?
1034 1251 1249 1430 :essen
1271 1271 1422 1430 resse

305 1417 465 1504 appellari
497 1433 703 1492 meruerunt.
746 1419 923 1503 Siquidem
951 1432 985 1482 et
1015 1417 1063 1482 sol
1092 1417 1150 1480 isle
1178 1416 1339 1482 sensibilis
1367 1416 1421 1488 in·

306 1499 484 1568 tuentibus
505 1525 582 1568 eum
605 1504 656 1568 sae
683 1524 701 1566 e
725 1499 852 1588 ingerit
873 1495 1026 1564 tenebras
1046 1521 1119 1565 uon
1139 1499 1331 1568 valentibus
1355 1499 1424 1564 exi·

301 1583 412 1652 urium
433 1583 484 1650 sui
505 1585 632 1650 intueri
654 1526 832 1672 fulgorem.
867 1586 1054 1650 -Tenebrae
1073 1579 1189 1669 itaque
1211 1599 1305 1681 eram
1321 1581 1422 1670 super

201 1710 204 1720 ·
304 1668 476 1734 causarum
522 1667 768 1734 rimordiasium
789 1667 956 1749 abyssum3
978 1689 1061 1732 nam
1078 1667 1275 1753 priusquam
1290 1689 1327 1731 sn
1344 1687 1421 1732 coe·

300 1750 473 1818 seldene
499 1752 666 1818 entierum
688 1750 959 1818 numerofitatem
976 1753 1216 1836 procederent,
1239 1752 1353 1816 nullus
1368 1748 1421 1814 in·
1498 1803 1499 1812 ,

304 1835 460 1898 tellectus
480 1837 634 1918 conditas
658 1855 711 1898 eae
733 1853 938 1921 cognoscere
983 1833 1090 1908 otuit,
1114 1831 1198 1919 quid
1223 1833 1336 1898 essent.
1372 1835 1419 1895 Et
1498 1885 1499 1888 ,

303 1919 415 1983 adhuc
436 1921 594 2002 tenebrae
615 1919 693 1984 sunt
717 1919 815 2005 super
835 1857 1111 1998 hanc'abyssum,
1131 1914 1215 2002 ,quia
1232 1917 1328 1980 nullo
1344 1937 1420 2000 per·

303 1998 430 2086 cipitur
462 2000 662 2075 intellectu,
698 2023 740 2067 eo
761 2015 902 2086 excepto
925 1999 984 2085 qui
1007 2021 1080 2064 eam
1100 1997 1137 2062 in
1159 1997 1330 2086 printipio
1353 1999 1421 2063 sor·

301 2081 419 2148 mavit.
462 2087 513 2148 Ex
537 2084 712 2150 effectibus
736 2097 867 2157 autem,
889 2085 956 2147 hoe
978 2083 1040 2156 esi,
1064 2080 1330 2166 processionibus
1343 2087 1418 2160 ejus

302 2167 339 2232 iu
364 2165 596 2254 intelligibiles
616 2168 764 2243 formas,
787 2165 1006 2252 cognoscitur
1026 2166 1238 2231 solummodo
1260 2165 1339 2253 quia
1358 2165 1413 2240 esi,
1498 2223 1499 2238 ,

301 2261 372 2316 non
394 2265 508 2314 autem
528 2248 733 2336 intelligitur
754 2249 836 2347 quid
858 2248 910 2312 est.

369 2343 417 2410 ra
447 2334 515 2398 Sed
544 2348 659 2396 utrum
687 2333 821 2414 mystica
850 2331 908 2394 isla
935 2345 1022 2395 terra
1052 2327 1248 2406 invisibilis,
1279 2327 1420 2428 ipsaque

304 2417 479 2480 tenebrosa
501 2416 630 2498 abyssus
652 2430 686 2478 et
706 2411 945 2480 intellectualis
989 2412 1150 2478 rimarum
1172 2414 1343 2478 causarum
1365 2435 1418 2478 rn-

301 2495 444 2562 visibilia
472 2511 559 2562 terra
587 2512 753 2584 perpetuo
784 2497 867 2572 erit,
899 2436 1095 2642 abysusgue
1117 2496 1293 2562 tenebrosa
1314 2512 1418 2560 aeter·

184 2627 186 2630 -
303 2579 426 2646 naliter
472 2579 675 2660 ermanebit3
712 2603 754 2646 an
779 2581 999 2677 quandpque,
1030 2633 1031 2638 ,
1062 2599 1103 2646 oe
1124 2580 1185 2656 all,
1220 2580 1292 2677 poll
1312 2579 1418 2644 sinem

302 2663 423 2728 mundi
446 2603 553 2744 isujua
575 2662 750 2730 invisibilis
771 2663 808 2728 in
830 2679 989 2728 notassem
1010 2661 1291 2728 intellectualium
1316 2663 1419 2727 ratio·
1498 2673 1499 2678 ’

302 2745 499 2834 naliumque
530 2746 749 2822 essentiarum¹
770 2761 994 2832 perventurae
1014 2747 1113 2820 sunt,
1145 2767 1217 2812 non
1240 2768 1343 2844 parea
1365 2745 1417 2810 in·
1498 2747 1499 2758 ’

303 2829 397 2916 diget
427 2829 600 2917 indagine.
642 2833 686 2894 D.
716 2835 823 2895 smmo
844 2829 1008 2902 maxima,
1042 2843 1076 2892 et
1095 2849 1142 2894 ne
1160 2833 1228 2894 hoc
1248 2839 1418 2894 intactum

300 2913 553 3000 praetermittas
575 2912 699 2979 obnixe
751 2928 818 2977 eto.
861 2913 911 2974 M.
943 2909 1010 2975 Dic
1031 2913 1152 2997 quaeso
1174 2911 1258 2999 quid
1282 2911 1343 2976 tibi
1366 2910 1416 2976 vi-

300 2999 417 3072 detur,
438 3019 522 3062 num
544 2937 776 3082 primordiasea
799 2995 915 3060 causae
937 3015 1068 3068 rerum,
1091 3011 1173 3080 quaa
1190 3011 1297 3070 terrae
1312 3011 1414 3082 atque

301 3079 403 3160 abyssi
430 3071 609 3148 vocabulis
625 3077 823 3166 significatae
845 3077 925 3152 esse,
963 3098 1110 3174 praeque
1131 3077 1415 3164 incomprebenss-
1498 3089 1499 3094 ’

298 3162 361 3228 bili
391 3179 491 3250 atque
523 3161 701 3227 excellenti
731 3159 913 3226 altitudine
940 3159 1124 3224 invisibiles
1156 3162 1345 3228 tenebrosae
1369 3181 1415 3224 ue

229 3317 235 3328 ,
301 3245 408 3312 dictae
435 3245 655 3343 arbitramur,
689 3265 849 3390 cunsflper
869 3242 1123 3340 generationem
1144 3243 1182 3308 in
1204 3265 1328 3330 genera
1346 3183 1414 3310 sor-

215 3407 224 3436 ·
297 3328 1414 3506 silisis,illisisii&similisesiseiiniiliiisi

321 3493 603 3580 rebenfibrlesque
635 3495 698 3558 esse
731 3493 904 3568 desinunt;
940 3514 983 3556 an
1005 3493 1134 3579 semper
1153 3489 1190 3558 in
1213 3493 1413 3572 excellentia

296 3518 375 3642 suae
402 3591 559 3652 naturae,
594 3575 632 3642 iu
661 3597 726 3663 qua
754 3591 833 3642 ante
849 3575 980 3640 “omnia
1000 3574 1037 3640 in
1058 3575 1229 3724 principio
1252 3577 1412 3644 conditae

295 3661 390 3737 suut,
412 3676 632 3748 permanent,
656 3675 691 3724 et
710 3658 770 3724 sub
792 3661 926 3726 nullum
946 3657 1077 3724 sensum
1089 3659 1173 3725 intes
1189 3677 1346 3728 ectumve
1359 3681 1412 3726 ca·

296 3747 401 3818 aaut,
423 3743 472 3812 ita
492 3759 533 3808 ut
554 3759 589 3810 et
604 3743 646 3810 in
666 3745 768 3808 rebus
789 3765 931 3830 quarum
950 3743 1067 3808 musae
1085 3743 1165 3810 sunt
1185 3745 1331 3810 sensibus
1351 3745 1413 3810 seu

295 3825 525 3897 intellectibus
576 3829 803 3898 uorlsmmodo
834 3841 1037 3916 appareant,
1073 3841 1107 3893 et
1135 3828 1412 3895 excelsitudinem
1498 3835 1499 3842 ’

293 3911 373 3980 suae
393 3911 571 3999 incompte
595 3909 812 3980 eusibilitstis¹
825 3932 905 3978 uon.
919 3911 1089 3988 deserant,
1112 3933 1151 3978 ao
1171 3912 1283 3978 ueluti
1301 3911 1341 3978 in
1360 3925 1411 3978 te·
1498 3987 1499 3996 ἵ

221 4025 226 4046 ·
295 3992 410 4065 nebris
432 3993 634 4084 quibusdam
654 3993 707 4075 (in
728 3993 949 4064 secretissimis
971 3993 1049 4062 dicu
1071 3995 1212 4064 divinae
1225 3997 1257 4062 sa
1282 3993 1410 4062 ientiae
1498 4071 1499 4082 ἵ

294 4077 439 4157 iuribus)
465 4079 533 4148 seru
560 4103 596 4146 er
622 4079 784 4146 sedeant?
816 4082 858 4146 D.
884 4081 949 4146 Eas
968 4093 1134 4178 perpetuo
1156 4020 1340 4148 lansius·
1362 4093 1410 4144 te-

295 4164 484 4253 astusque
559 4186 578 4234 e
605 4162 818 4234 crediderim.
860 4161 898 4236 Si
928 4183 1020 4232 etum
1050 4155 1122 4254 ipsa
1148 4162 1314 4252 sapientia
1341 4159 1409 4230 Dei
