2970 4826
518 251 864 368 insomnia..
1137 259 1211 330 aar

87 450 145 527 (ut
168 441 202 508 sa
250 439 455 520 e'diximus)
473 438 571 506 solari
589 440 742 508 claritate
754 416 981 506 consumiiurr
1002 438 1209 530 videatque·

83 529 193 594 modo
233 547 334 590 umus
354 524 391 592 in
413 525 582 590 flammam
606 524 774 592 vertitur:
797 523 913 590 videat
932 521 1139 590 fortissimam
1159 550 1209 592 ra·

85 607 331 677 tiocinttionis
358 605 531 674 virtutem.
575 608 610 676 si
640 609 733 674 enim
789 608 944 672 ualitates
965 629 1077 674 rerum
1100 611 1209 676 visibi-

37 725 40 734 Α
84 695 176 761 linui
204 692 437 780 incorporales
464 691 565 770 sunt',
596 696 689 758 unde
709 631 826 760 nullus
846 708 939 758 recte
961 691 1211 780 disputantium

85 778 247 846 dubitata
280 793 315 842 et
346 777 370 842 si
391 776 507 848 omnia
528 791 659 843 terrena
681 797 820 864 corpora
842 797 882 840 ex
903 774 1049 874 ipsarum
1071 779 1209 862 qualita-

84 877 161 927 tum
194 859 744 949 exaggerationeconglobantur:
778 858 861 948 quid
882 882 1005 924 mirum
1025 863 1082 924 vel
1103 861 1210 928 iucre-

85 945 195 1012 dibile
219 945 286 1021 eli,
321 947 414 1032 quod
437 965 476 1010 ex
497 943 766 1033 incorporalibus
789 942 1009 1031 qualitatibus
1029 945 1210 1012 coniicitur

82 1051 138 1094 res
169 1027 407 1116 incorporales
454 1025 622 1096 osfiderel
655 1032 697 1093 D.
734 1028 839 1094 Plane
861 1026 1075 1094 intuentibus
1097 1039 1210 1097 rerum
1308 1089 1312 1098 .

83 1111 290 1186 subliantias
313 1127 349 1178 et
369 1050 566 1200 qualitates,
598 1111 836 1178 transfusiones
858 1132 925 1198 quo
950 1133 994 1176 ue
1016 1127 1050 1176 et
1073 1115 1208 1200 compo·

81 1196 247 1272 sitiones,
279 1217 346 1262 nec
367 1215 438 1262 nori
461 1211 495 1261 et
517 1196 740 1262 adunationes
763 1209 797 1259 et
816 1217 938 1282 pregre
961 1217 1059 1260 iones
1081 1219 1122 1262 ex
1143 1195 1210 1284 pri·

79 1279 314 1346 mordialibus
343 1277 466 1354 caulis,
499 1279 606 1368 inque
632 1283 765 1346 easdem
794 1279 941 1354 reditus,
970 1277 1110 1346 fortassis
1142 1303 1209 1347 nec

78 1363 211 1430 mirum
237 1383 305 1430 nec
327 1361 528 1430 incredibile
548 1363 730 1430 videbitur.
760 1363 848 1426 Mihi
867 1380 980 1428 autem
996 1363 1123 1428 nullius
1139 1365 1209 1430 seri·

79 1447 231 1512 tentiam
254 1445 520 1534 praescribenti,
549 1449 606 1512 vel
625 1446 773 1536 litigiose
795 1445 984 1522 refellenti,
1019 1448 1077 1510 etsi
1100 1451 1141 1512 de
1162 1465 1209 1512 ta·

77 1531 172 1597 libus
194 1529 300 1595 aliter
322 1531 477 1606 senserit,
501 1529 579 1596 satis
604 1527 728 1596 act‘um.
770 1531 850 1594 Non
873 1529 964 1596 enim
985 1531 1062 1617 plus
1084 1545 1208 1616 quaero

79 1615 186 1681 certis
219 1613 416 1679 rationibus
441 1614 572 1681 suaderi
592 1612 849 1685 substantiarum
871 1613 1114 1680 adunationem
1136 1617 1209 1680 aba·

80 1719 150 1788 qne
171 1697 260 1763 ullis
281 1698 535 1774 confusionum,
557 1699 612 1763 vel
627 1695 860 1773 mixturarum,
882 1697 1211 1784 compositionumve

78 1779 423 1872 perturbationibus,
445 1781 504 1846 seu
526 1781 883 1857 transmutationibus,
906 1781 1109 1870 qualitatum
1128 1803 1210 1870 qao.

106 1888 153 1932 ue
188 1889 231 1932 ex
256 1865 379 1952 quibus
399 1867 484 1930 haec
504 1865 619 1930 omnia
641 1863 806 1930 senfibilia
830 1881 1006 1952 compacta
1030 1866 1127 1942 sunt,
1159 1887 1209 1930 re·
1269 1902 1273 1912 ·
1322 1871 1344 1888 ‘¹

81 1889 200 2017 ditum
224 1963 262 2014 et
281 1947 487 2014 solutionem
507 1948 578 2012 ini
605 1949 653 2012 sas
674 1947 886 2023 substantias,
909 1951 978 2012 sin'e
999 1947 1121 2036 quibus
1136 1949 1209 2016 sub·

82 2033 195 2100 sistere
224 2051 300 2097 non
322 2031 468 2116 poliunt.
510 1972 612 2094 Nulla
634 2029 724 2094 enim
748 2029 910 2116 qualitas,
942 2031 1002 2094 seii
1024 2031 1208 2176 quantitas,

82 2118 146 2184 seu
186 2117 421 2204 quodcunque
453 2113 547 2178 aliud
578 2111 734 2178 accidens
761 2134 823 2198 per
851 2113 885 2176 se
912 2114 1004 2179 valet
1046 2115 1208 2180 ubsislere.

83 2203 135 2268 Ac
164 2223 230 2288 per
251 2201 319 2262 boo
338 2214 411 2262 non
433 2211 583 2269 temere,
611 2209 651 2258 ut
672 2195 831 2270 arbitror,
867 2193 1009 2260 dixerim
1030 2196 1140 2283 ipsum
1160 2219 1210 2262 re·

86 2285 201 2351 ditum
226 2284 270 2348 de
291 2301 359 2368 quo
379 2299 474 2346 nunc
497 2294 693 2352 tractamus,
725 2299 797 2344 nou
818 2279 1092 2355 substantiarum,
1123 2303 1209 2367 quae

37 2367 56 2390 ⁸
85 2363 352 2450 immutabiliter
373 2379 407 2463 et
427 2361 654 2462 insolubiliter
674 2362 712 2426 iri
733 2363 767 2428 se
785 2377 1004 2462 permanent,
1028 2365 1085 2428 sed
1106 2365 1211 2454 quali·
1275 2387 1280 2403 ·

15 2619 16 2624 q
86 2467 201 2600 limi?
222 2447 1211 2627 sulltls'sJQllsillli‚³⁰12Jsilllsssilttl'ss
1294 2573 1298 2600 .

88 2621 260 2700 subjecta,
290 2613 568 2703 gbnerationibus
596 2629 630 2677 et
650 2611 926 2700 corruptionibus
949 2613 1095 2680 obnoxia
1118 2615 1209 2680 sutu-

89 2723 169 2771 rum
194 2701 268 2764 esse.
310 2701 355 2764 Et
375 2699 400 2762 fi
420 2697 468 2761 ita
490 2697 552 2771 esi,
581 2713 719 2761 utsvera
739 2695 826 2760 ratio
848 2697 982 2778 suadet3
1010 2719 1082 2764 non
1105 2713 1211 2763 trans·
1259 2697 1263 2711 '

90 2787 224 2853 eunde,
251 2783 308 2847 sed
323 2779 493 2880 diligenti
522 2779 788 2846 consideratione
809 2779 1038 2867 investiganda
1060 2781 1209 2868 sequitur
1298 2819 1301 2826 ,

91 2865 253 2952 quaestio.
296 2867 344 2928 M.
377 2868 444 2928 Dic
462 2863 596 2960 'quaeso
627 2883 713 3009 quae
741 2878 775 2927 et
801 2863 908 2951 qualis
935 2863 976 2928 sit
1003 2864 1081 2943 illa,
1112 2882 1210 2930 acuta

92 2947 317 3035 inquisitione
338 2945 607 3032 inventioneque
625 2977 626 2982 κ
653 2945 746 3032 ignor

100 3092 110 3112 ,
141 3043 191 3113 ι4.
215 3035 256 3094 D.
267 3031 386 3095 Utrum
407 3048 520 3094 rerum
543 3028 757 3094 conditarum
778 3025 986 3105 substantiae,
997 3045 1031 3094 ot
1042 3029 1210 3112 essentiae,

92 3131 129 3182 et
149 3115 317 3189 rationes,
343 3133 383 3176 ex
402 3111 676 3200 primordialibus
699 3111 802 3176 caulis
820 3135 884 3199 per
904 3113 1158 3199 generationem
1171 3114 1210 3180 in
1290 3144 1292 3152 ·

90 3199 179 3266 locis
211 3195 503 3285 temporibusque,
537 3197 811 3282 diversorumque
833 3196 1061 3276 accidentium
1082 3197 1211 3284 capaci·

93 3299 200 3360 tatem
221 3283 413 3370 procedunt
435 3297 535 3366 atque
557 3281 784 3356 descendunt;
807 3279 991 3346 utiterum
1007 3281 1114 3346 sinitis
1128 3298 1210 3347 tem·

91 3367 254 3454 poribus,
292 3369 359 3430 lioc
392 3363 435 3428 esi
464 3365 595 3428 mundo
624 3362 769 3428 sensibili
797 3363 978 3430 terminato
1006 3365 1045 3429 in
1077 3369 1211 3430 easdem

95 3453 211 3516 causas
233 3472 274 3514 ex
295 3448 418 3538 quibus
438 3445 661 3536 profluxerint
681 3449 839 3512 redeant:
872 3471 914 3512 an
936 3447 1066 3536 semper
1084 3447 1123 3514 in
1145 3449 1211 3514 suis
1344 3503 1348 3512 .

95 3537 199 3600 causis
233 3535 320 3598 ultra
350 3553 486 3598 ornnem
517 3529 772 3619 generationem
799 3545 834 3594 et
863 3531 1085 3608 solutionem,
1123 3535 1212 3598 ultra

96 3617 212 3682 omnia
231 3617 308 3683 loca
330 3633 365 3681 et
385 3615 556 3704 tempora,
591 3630 626 3680 et
646 3617 701 3693 (ut
720 3613 870 3680 breviter
889 3615 1012 3696 dicam)
1034 3615 1121 3682 iiltra
1142 3637 1213 3681 om·

97 3695 156 3763 nia
185 3699 374 3768 accidentia
405 3697 730 3766 incommutabiliter
776 3716 966 3764 ermanent:
999 3698 1047 3765 ita
1067 3717 1108 3765 ut
1127 3699 1211 3787 ipsa·
1295 3735 1302 3756 ι

97 3803 175 3846 rum
195 3785 263 3850 sola
282 3784 380 3851 inlita
402 3782 450 3850 eis
469 3781 670 3882 naturaliter
690 3721 961 3882 etiiiperaddita
984 3781 1210 3878 συμβάματα,
1306 3873 1310 3882 Ι

99 3865 233 3932 hoc’all
254 3867 443 3935 accidentia
462 3889 549 3956 quae
568 3867 816 3933 rationabiliter
837 3887 856 3932 a
874 3867 1081 3954 sapientibus
1090 3865 1212 3968 paffio·
1310 3911 1315 3922 -

100 3969 162 4018 net
181 3949 291 4016 solent
310 3951 491 4040 appellari,
515 3951 556 4017 ab
581 3951 631 4017 eis
653 3949 915 4039 progrediantur
935 3953 1152 4018 materialiter
1168 3951 1211 4036 ad

101 4033 197 4102 bono
223 4037 391 4110 mundum
419 4034 586 4104 vifibilem'
603 4036 866 4126 procreandum:
895 4049 937 4100 ut
957 4055 998 4099 eo
1018 4035 1141 4100 iterum
1163 4035 1212 4119 so·

99 4117 175 4184 litto
203 4117 261 4184 illa
291 4117 481 4200 solvantur,
505 4135 548 4186 et
575 4119 613 4186 iu
634 4115 924 4204 soss2substantias
944 4133 1153 4184 revertantur
1172 4131 1213 4180 ut

100 4199 139 4270 iis
168 4201 219 4270 eis
239 4199 434 4294 quiescant,
466 4203 817 4294 seminumqueiruie
836 4199 1072 4274 mutabilitatis
1094 4199 1212 4270 eonti-

597 4385 603 4396 .
728 4323 807 4390 29*
