2970 4826
88 111 92 127 ¹
184 129 186 134 ’
265 163 354 242 aas
555 162 1052 271 .-oeoeuusauaaaae.

177 415 191 438 ,
265 345 446 423 memoriae
476 345 583 414 infixi.
601 373 604 386 ·
625 349 675 416 M.
693 337 801 436 'Quid
829 357 909 438 erg'o
938 341 1003 426 ait,
1036 362 1072 414 et
1092 345 1273 416 collocavit
1295 361 1382 414 ante

268 433 456 522 paradisum
477 434 644 498 humanae
665 435 748 500 volu
775 431 876 508 tatia,
893 433 960 500 hoc
980 431 1025 496 est
1046 445 1124 498 ante
1137 435 1305 498 humanae
1319 453 1386 496 na·

269 533 363 581 turae
385 513 571 601 spirituales
594 515 726 582 delitias
746 457 948 582 Eh'erahint
971 513 1066 602 Quid
1084 517 1160 580 vult
1178 519 1245 582 hoc
1266 516 1384 580 nomi·

266 621 312 666 nc
336 599 548 686 significares
584 615 698 672 utrum
731 599 905 668 coelestem
935 597 1028 665 illam
1048 597 1210 664 virtutem
1232 619 1317 686 quae
1338 597 1381 664 io

267 683 374 783 prima
404 680 632 769 angelicorum
662 681 821 758 ordinum
842 681 1029 750 hierarchia
1048 681 1189 770 ponitur
1209 683 1380 759 secundar

266 789 305 830 sn
326 787 365 834 ea
380 764 476 842 ,enim
497 765 695 848 Cherubin,
713 765 897 853 Seraphin,
921 767 1077 831 Thronos
1099 765 1215 836 divina
1237 785 1380 850 compu-

267 864 317 919 tat
347 847 504 916 traditiot
536 870 578 915 an
608 849 717 936 ipsum
741 849 951 914 solummodo
972 847 1123 916 nominis
1144 849 1378 924 intellectum

125 989 129 1010 ,
266 953 309 998 an
332 930 460 1018 aliquid
480 930 572 996 aliud
593 931 705 998 altiori
727 931 953 1020 intelligentia
974 926 1046 998 hoc'
1060 931 1202 998 nomine
1217 933 1292 996 ruit
1305 931 1381 994 sua·

179 1143 180 1148 1
266 1099 314 1162 ‘ssi
335 1099 461 1176 manase

268 1014 372 1086 ιω
409 1016 531 1164 titt
626 1019 717 1164 lat
734 1014 1273 1165 {ttzttrtttattttt:t
1295 1013 1382 1160 ,tt

225 1209 226 1214 ¹
266 1183 312 1248 do
331 1173 517 1273 scientiae,
549 1183 605 1248 vel
625 1119 968 1274 fufiopsapummJ
982 1197 1031 1256 ut,
1047 1179 1175 1246 scilicet
1195 1179 1380 1264 Dionysius

267 1263 468 1356 Areopagita
498 1265 535 1330 in
562 1265 656 1352 ,libro
686 1268 729 1332 de
757 1265 899 1332 Coelesli
927 1263 1122 1330 Hierarchia
1143 1263 1266 1330 scribit.
1311 1261 1383 1330 cui

271 1348 374 1414 etiam
401 1348 593 1446 astipulatur
612 1348 824 1435 Epiphaniae
845 1349 882 1414 io
902 1348 988 1436 libro
1013 1349 1054 1412 de
1072 1345 1248 1420 Hebraicis
1269 1345 1384 1412 nomi·

271 1431 393 1514 nibus3
426 1431 510 1504 ducit
532 1431 622 1499 enim
646 1431 818 1498 Cherubin
836 1437 1057 1516 coguitionem
1078 1432 1207 1515 plenam
1219 1431 1284 1510 ,vel
1303 1449 1382 1513 cog·

266 1519 424 1580 tuitionem
453 1516 633 1580 multorum.
650 1513 877 1602 interpretari.
921 1515 988 1580 Sed
1016 1515 1039 1580 fi
1067 1515 1240 1580 cocleslem
1275 1514 1379 1578 esleu-

269 1597 352 1664 tiam
379 1599 415 1664 in
444 1601 511 1664 hoc
540 1601 615 1668 loco
639 1597 754 1668 divina
773 1597 927 1664 voluitfi
977 1598 1082 1664 ihcsri
1104 1597 1289 1682 scriptura,
1319 1617 1381 1661 ne-

268 1681 402 1748 cessario
424 1703 584 1768 cogemur
605 1681 702 1748 fateri
723 1681 912 1781 paradisum
929 1621 1118 1767 {inteolis
1138 1700 1280 1747 naturae
1301 1679 1377 1744 esse.

268 1767 348 1829 Nou
370 1763 461 1829 enim
482 1764 568 1830 ratio
591 1787 653 1830 uos
674 1766 751 1830 finit
771 1763 1132 1852 crederespiriturlem
1144 1765 1286 1849 Dcoque
1301 1783 1380 1849 pro·

268 1847 394 1914 ximam
414 1862 567 1914 naturam
589 1871 627 1914 ac
647 1849 736 1914 circa
759 1869 837 1914 eum
861 1849 989 1935 semper
1009 1862 1155 1918 motam,
1178 1860 1258 1910 ante
1278 1859 1381 1910 terre·
1454 1921 1455 1924 Ἴ

185 1930 186 1939 ’
270 1953 354 1997 nuru
372 1931 580 2018 localemque
626 1932 790 1998 aradisum
837 1933 902 1996 osse
923 1929 1098 2004 collocari;
1120 1928 1157 1993 ni
1179 1929 1267 1993 sorte
1288 1927 1378 1993 dica·

270 2035 346 2078 mus
368 2035 438 2081 non
461 2014 570 2113 ipsum
593 1956 785 2092 gherubin,
811 1956 872 2080 fed
890 2037 997 2080 unum
1020 2016 1062 2078 de
1086 2027 1233 2078 extrem
1255 2010 1377 2077 ordine
1454 2037 1455 2070 ι

269 2097 460 2164 coelestium
487 2113 670 2175 virtutum,
725 2097 761 2162 ui
788 2119 896 2185 prope
923 2095 1095 2186 angelicus
1125 2094 1268 2170 diciuu,
1299 2109 1378 2159 ante
1454 2091 1455 2106 ¹

267 2181 456 2266 paradisum
476 2181 624 2279 locatum
647 2181 696 2246 su'
724 2203 752 2255 e,
770 2181 828 2268 qui
849 2197 1026 2279 propterea
1042 2178 1215 2277 Cherubin
1233 2200 1250 2242 a
1301 2179 1377 2274 ella:

270 2276 326 2328 tus
355 2263 418 2340 est,
452 2285 531 2430 ιδιιιι
563 2268 602 2329 ab
624 2263 696 2350 ipso
717 2266 890 2328 Cherubin
912 2280 995 2334 ante,
1010 2261 1199 2348 paradisum
1219 2282 1260 2326 co
1288 2283 1378 2326 ocarr

269 2350 415 2428 jubetur.
494 2345 632 2432 uicquid
661 2345 751 2414 enim
774 2349 814 2412 ab
836 2343 1265 2412 inferioribuscoelestiom
1287 2344 1376 2423 ordi-

267 2429 370 2494 nibus
391 2427 427 2492 in
449 2439 560 2492 rerum
581 2445 701 2494 natura
722 2429 913 2514 perficitur,
948 2433 990 2496 ad
1013 2431 1049 2494 su
1076 2427 1199 2494 eriores
1218 2429 1373 2503 refertur,

271 2509 364 2598 quia.
389 2505 566 2608 inferiores
601 2511 657 2586 ait
686 2527 792 2612 agunt
819 2527 950 2612 praeter
978 2453 1073 2600 quoi
1101 2534 1121 2611 p
1148 2511 1375 2609 superioribas

269 2597 1377 2777 stt}assis{thaisidisasts,istst
1454 2739 1455 2762 ,

269 2765 366 2844 plau,
388 2775 429 2823 ut
449 2762 594 2827 Sanctus
613 2763 792 2845 Dionystus
811 2763 1014 2850 areopagita
1034 2763 1190 2850 exponit,
1210 2785 1272 2845 per
1282 2757 1377 2858 seip-
1454 2763 1455 2812 t

203 2910 204 2918 ,
260 2843 340 2948 Jups
361 2849 518 2992 pygarit
536 2849 751 2994 fropbetoro,
769 2847 839 2952 spel
858 2871 919 2930 per
939 2870 1032 2964 ututur
1054 2849 1249 2995 Angelos-ugr
1269 2860 1376 2994 expre-

220 2973 223 2988 '
269 2929 666 3112 distitutis?
680 2927 1374 3102 sitisset5¹¹¹ttt⁰ts¹ttsshs

269 3038 377 3183 pinu,
404 3110 563 3184 purgavit
588 3101 824 3186 Prophetam,
841 3114 875 3162 et
904 3100 997 3184 quod
1024 3095 1094 3196 ipsa
1149 3097 1281 3184 argatio
1302 3119 1372 3162 non

271 3183 314 3246 ad
333 3196 547 3270 purgatorem
570 3184 722 3256 resertur,
746 3183 801 3248 sed
823 3183 865 3246 ad
887 3203 964 3246 eum
986 3202 1045 3266 qut
1064 3185 1101 3260 ju
1141 3183 1237 3246 tPro
1261 3183 1374 3244 hetam

270 3265 415 3350 purgari.
461 3265 563 3348 Quod
595 3266 619 3330 si
647 3267 713 3330 hoc
746 3264 883 3341 dixerit,
919 3285 1037 3330 nonne
1058 3268 1173 3330 eadem
1197 3265 1231 3329 di
1269 3265 1372 3330 cultas

269 3345 480 3412 remanebit?
524 3367 594 3412 non
627 3347 717 3412 coint
745 3347 921 3416 verisimile
950 3347 993 3412 est
1021 3347 1207 3433 angelicam
1234 3347 1374 3412 substan·

271 3430 371 3504 tiam,
405 3429 556 3514 quamuis
587 3430 623 3496 in
647 3431 765 3500 ordine
787 3430 976 3498 coelestium
996 3429 1162 3496 virtutum
1183 3447 1372 3504 extremam,
1454 3431 1455 3452 ³

174 3583 177 3602 fl
270 3511 307 3578 in
331 3513 443 3600 aliquo
466 3528 598 3580 terreno
619 3517 695 3580 loco
741 3515 805 3582 olle
826 3513 993 3580 collocat*
1036 3514 1072 3577 Si
1092 3535 1172 3580 vero
1191 3517 1298 3580 solum
1314 3533 1374 3578 no·

271 3597 373 3662 minis
396 3596 626 3673 intellectum,
659 3540 785 3664 nuliam
807 3621 887 3664 vero
910 3597 1082 3663 coelestem
1105 3598 1317 3663 substantiam
1336 3595 1373 3660 in

270 3684 338 3778 hpc
368 3683 444 3746 loco
474 3682 697 3769 accipiamus,
730 3685 904 3771 possumus·
922 3680 1033 3746 dicere
1054 3685 1166 3748 Deum
1186 3697 1265 3781 ante
1285 3701 1376 3767 para·

273 3765 380 3828 disum
407 3766 614 3852 voluptatis,
648 3769 714 3834 hoc
748 3768 791 3832 esi
819 3781 898 3832 ante
931 3765 1148 3852 conspectum
1167 3761 1376 3831 rationabilis

271 3849 437 3912 humanae
458 3865 616 3928 naturae,
640 3852 792 3938 quamvis
814 3851 856 3916 de
877 3849 1028 3934 paradiso
1051 3849 1225 3937 expulsae,
1247 3852 1315 3915 hoc
1335 3847 1376 3916 el}

273 3952 314 3995 ex
343 3932 507 4020 dignitate
527 3934 654 4021 primae
675 3937 752 3999 suae
773 3931 981 4000 conditionis
1001 3949 1170 4009 remotae,
1201 3931 1374 4000 Cherubin

273 4007 461 4091 collocasse,
495 4018 751 4086 multitudinem
771 4015 931 4084 videlicet
952 4015 1113 4082 scientiae
1135 4033 1194 4083 aut
1212 4017 1375 4084 fusionem

265 4097 473 4186 sapientiae,
513 4124 578 4190 qna
605 4101 742 4189 seipsam
770 4115 1043 4197 recognosceret,
1071 4100 1177 4192 inque
1205 4100 1375 4190 pristinam

1006 4233 1017 4270 i
