2866 4822
487 239 592 308 crta·
614 239 775 322 oceane.
983 215 985 224 ’
1099 237 1175 308 aar

59 446 116 490 eea
147 424 366 572 cenqlobata⁹
398 422 504 512 inque
531 443 586 490 eae
613 423 793 490 reversura.
832 423 888 488 Est
914 422 1029 510 itaque
1058 425 1172 488 datum

62 506 203 574 divinae
247 505 385 572 onitatie
405 523 526 573 natura
540 507 678 583 omnia,
717 527 802 595 quae
822 506 859 572 in
881 506 1051 572 essentiam
1073 509 1173 570 ducta

61 591 126 666 est,
152 607 186 656 ot
232 589 447 678 erpetualiter
467 590 650 656 custoditur
669 613 714 655 ne
734 607 859 678 pereat.
902 593 945 654 At
965 610 1045 654 vero
1091 611 1173 652 uum

61 673 154 738 inter
221 695 240 737 e
261 691 294 738 et
315 675 527 739 aeternaliter
548 675 611 738 esse
630 673 792 739 medietas
814 677 977 774 quaedam
1002 693 1066 736 con
1097 671 1171 735 ‘tui-

60 773 137 834 tur‚
166 777 253 856 quae
275 757 400 824 dicitur
422 760 507 824 bene
531 759 612 833 effe,
647 759 714 822 stne
736 775 809 844 qua'
823 759 913 844 rpsae
936 755 1170 829 extremitates,

61 841 125 906 esse
145 839 310 904 videlicet
330 857 365 905 et
386 843 609 928 [exuperasse.
632 863 697 905 uec
713 863 793 906 vere
808 841 901 916 sunt,
926 837 1078 926 quamvis
1091 838 1170 912 fint;

58 945 125 990 nec
146 939 240 988 tecte
263 924 424 990 dicuntur
445 927 528 990 effer
563 923 640 1004 (effe
662 924 754 990 enim
775 940 809 989 et
830 925 958 1011 semper
980 925 1064 996 esse,
1097 923 1171 984 sub·

58 1009 251 1072 lato'bene
282 1008 359 1082 effe,
390 1029 455 1073 nec
485 1029 564 1073 vere
585 1009 648 1072 esse
668 1009 730 1083 esi,
764 1029 829 1074 nec
848 1029 930 1072 vere
952 1008 1079 1092 semper
1099 1003 1172 1070 esse.

55 1093 147 1155 Illud
169 1089 263 1154 enim
289 1109 367 1154 vere
389 1107 423 1156 et
444 1093 488 1155 esi
511 1107 545 1155 et
566 1092 694 1178 semper
715 1090 778 1166 est,
801 1094 892 1178 quod
913 1093 1001 1155 bene
1023 1109 1062 1152 ac
1074 1090 1172 1152 beate

56 1173 226 1253 subsistit.)
270 1175 328 1238 illa
350 1173 445 1238 indta
466 1174 644 1248 medietas,
667 1179 733 1238 hoc
755 1173 799 1238 est
819 1177 905 1241 bene
930 1173 1008 1248 esse,
1043 1175 1173 1240 donum

57 1255 201 1322 divinae
236 1256 396 1322 bonitatis
419 1257 479 1333 ett,
513 1257 620 1324 libera
642 1279 681 1322 ac
702 1259 793 1322 bono
814 1253 1001 1322 voluntaria
1022 1254 1172 1318 intellec·

55 1340 159 1404 tualia
189 1355 226 1404 et
257 1339 431 1404 rationalia
462 1357 631 1405 creaturae
662 1357 760 1406 motu
780 1343 952 1419 adiuncto.
998 1339 1058 1402 Hie
1081 1336 1171 1402 enim

57 1425 195 1488 duobuc
228 1421 372 1492 efficitur
400 1425 487 1488 bene
510 1425 587 1498 elle,
616 1423 719 1488 libera
738 1422 899 1488 videlicet
918 1425 1094 1486 voluntate
1117 1423 1173 1482 do·

55 1526 174 1652 noque
198 1504 339 1581 divino,
362 1511 454 1592 quod
475 1513 621 1590 gratiam
644 1507 847 1572 sacrosancta
869 1521 967 1570 vocat
991 1503 1171 1588 Scriptura.

56 1591 100 1653 Se
155 1587 244 1653 illud
275 1592 402 1654 donum
432 1611 503 1656 non
535 1591 693 1658 omnibus
727 1589 928 1678 generaliter
956 1586 1172 1653 distribuitur:

56 1669 130 1736 Soli
153 1671 284 1757 quippe
307 1693 348 1735 an
375 1673 488 1738 elicae·
499 1677 733 1762 humanaeque
752 1689 893 1738 naturae
915 1675 1060 1736 donatur
1082 1667 1175 1733 deifi-

55 1754 171 1820 catio:
194 1775 307 1838 neque
326 1696 393 1821 iiiia
417 1757 664 1830 universaliter.
688 1758 743 1821 sed
766 1757 843 1822 solie
865 1753 993 1854 angelis
1011 1752 1068 1839 qui
1087 1772 1173 1817 crea-

54 1837 141 1904 toria
164 1834 218 1902 sui
240 1836 423 1904 dilectione
445 1843 616 1915 ardenter,
641 1839 774 1904 stabiliti
796 1839 832 1903 in
857 1836 1008 1902 veritatis
1024 1849 1173 1900 contem-

79 1921 214 1986 latione
235 1923 555 2006 permanent,'solie
581 1945 623 1986 ue
645 1921 840 1987 bominibus
852 1918 1032 2015 sectandum
1051 1939 1174 2001 propo·

46 1945 152 2095 situm
181 2007 325 2069 voeatis.
373 2005 450 2068 Huc
478 1945 609 2069 acceiit
637 2007 729 2089 quod
760 2009 887 2068 donum
917 2003 1042 2092 gratiae
1064 2023 1176 2088 neque

54 2091 149 2154 intra
170 2087 334 2151 terminoe
357 2085 514 2152 conditae
535 2103 674 2150 naturae
695 2087 911 2158 continetur,
934 2109 977 2150 ne
1002 2107 1045 2148 ue
1061 2085 1177 2148 secun·

57 2175 141 2239 dum
171 2171 360 2234 naturalem
393 2169 555 2234 virtutem
577 2185 754 2256 operatur,
788 2169 844 2234 sed
866 2107 1176 2255 superessentialiter

57 2272 93 2320 et
114 2255 206 2317 ultra
229 2273 345 2326 omnea
368 2268 493 2316 creatae
516 2252 663 2317 rationes
685 2251 824 2316 effectui
845 2252 921 2316 suoa
943 2250 1084 2340 peragit.
1113 2254 1175 2313 lta-

80 2359 125 2402 ue
147 2337 172 2402 st
194 2358 255 2421 per
276 2337 377 2402 solem
403 2335 553 2400 divinam
576 2334 716 2422 gratiam
737 2335 934 2398 resurrectio
964 2351 1176 2400 mortuorum

57 2363 186 2494 suerin
221 2419 362 2484 omnino
395 2419 554 2484 naturalia
585 2419 692 2482 virtue
725 2417 960 2493 evacuabitur,
994 2415 1176 2502 vitaliaque

58 2519 176 2568 metue
199 2503 256 2588 qui
279 2525 389 2566 rerum
413 2502 605 2579 substantiae
628 2523 802 2588 nunquam
826 2501 964 2566 deserite
997 2500 1064 2564 five
1085 2498 1120 2561 vi
1142 2515 1176 2560 et

59 2587 224 2672 potestate
246 2586 390 2660 siluerit,
414 2588 509 2650 utin
533 2589 677 2651 monade
699 2584 849 2658 numeri3
871 2584 938 2648 sive
955 2598 1032 2648 actu
1046 2597 1080 2645 et
1099 2601 1177 2668 ope·

62 2669 200 2734 ratione
234 2685 365 2754 reperta
396 2671 451 2743 sit,
494 2685 532 2730 ut
562 2668 694 2734 numeri
723 2691 742 2732 a
769 2670 914 2734 monade
943 2667 1176 2753 procedentee,

64 2769 259 2834 ceteraque
275 2773 359 2838 quae
381 2773 420 2813 ex
443 2752 584 2816 occultie
606 2753 707 2814 causta
728 2751 764 2815 in
788 2765 920 2837 apertos
943 2750 1081 2813 effectur
1126 2767 1177 2810 ro·

61 2839 183 2898 deant.
227 2837 271 2896 Et
301 2855 417 2898 verum
455 2834 658 2898 sinaturalia
680 2835 786 2898 virtue
807 2829 1059 2898 resurrectionis
1082 2771 1178 2893 ebec-

61 2916 135 2980 tiva
163 2915 207 2977 est
238 2919 362 3002 absque
396 2915 563 2996 adjutorio
596 2915 738 3002 gratiae,
776 2917 948 3002 quomodo
979 2911 1178 2977 redemtori·

62 2999 207 3064 humani
230 2999 362 3086 generis
376 2998 535 3064 virtutem
552 2999 587 3062 in
606 2998 849 3062 resurrectione
862 3014 1072 3062 mortuorum
1086 3015 1179 3080 prae·

66 3083 182 3146 valere
211 3081 363 3169 possibile
393 3083 435 3146 ett
463 3086 616 3156 credere;
652 3081 821 3166 cumipse
844 3079 982 3146 dixerit:
1014 3077 1180 3170 Egusum

64 3159 259 3258 resurrectio
291 3182 324 3230 er
353 3169 456 3232 uitas
487 3169 564 3230 Non
598 3165 689 3229 enim
711 3169 799 3228 hanc
820 3163 1026 3229 dominicam
1046 3163 1180 3228 senten·

66 3251 150 3314 tiam
185 3255 227 3316 de
255 3250 497 3315 resurrectione
518 3249 704 3313 animarum
727 3269 812 3334 quae
835 3249 878 3312 est
900 3250 942 3310 de
962 3261 1071 3315 morte
1091 3244 1179 3325 inju-

66 3333 174 3398 siitiae
197 3351 231 3399 et
251 3333 436 3421 impietatis
459 3337 501 3398 ad
521 3333 663 3412 justitiae
688 3347 722 3394 et
738 3330 877 3417 pictatia
900 3330 1024 3403 vitam,
1047 3332 1113 3394 hoc
1135 3329 1179 3392 esi

68 3417 104 3480 in
127 3417 280 3482 veritatia
301 3416 644 3502 contemplationem,
676 3417 886 3482 solummodo
909 3415 1070 3479 debemur
1095 3411 1179 3476 acci·

68 3521 170 3584 perce
209 3523 328 3564 verum
361 3499 461 3563 etiam
490 3503 532 3562 de
565 3499 808 3562 resurrectione
840 3517 1040 3582 corporum,
1083 3500 1180 3575 cujus

67 3583 254 3682 principale
276 3586 464 3669 exemplum
487 3583 522 3646 in
548 3583 602 3644 sua
625 3582 759 3667 propria
780 3603 878 3645 carne
895 3577 1180 3666 praemonstravit.

71 3667 158 3730 Sana
181 3687 295 3754 itaque
319 3667 385 3732 fide
407 3667 577 3753 possumne
599 3663 780 3729 attribuere
803 3661 1056 3728 resurrectionis
1076 3660 1181 3726 virtu·
1268 3719 1272 3728 .

73 3762 141 3811 tem
171 3767 205 3816 et
227 3757 305 3815 dato
329 3750 463 3815 divinae
484 3745 648 3814 bonitatis
669 3748 853 3812 secundum
876 3747 1062 3810 naturalem
1084 3744 1180 3809 effee-

72 3827 176 3896 tivam
208 3835 418 3920 potentiam,
452 3850 486 3898 et
516 3837 607 3900 dono
640 3834 789 3910 ejusdem
812 3828 972 3894 bonitatis
996 3828 1180 3892 secundum

71 3913 392 3999 superexcellentem
423 3937 541 3982 omnes
568 3931 703 3979 naturae
733 3913 884 3998 gratiam.
938 3913 1023 3976 Nam
1046 3927 1080 3974 et
1098 3915 1182 3974 haec

75 3999 162 4072 duo,
200 4002 315 4066 datum
345 4001 422 4066 dico
453 4015 486 4064 et
514 4004 662 4070 donum,
698 3997 776 4061 ase
804 3997 953 4062 invicem
982 3991 1183 4079 segregravit
1233 4058 1236 4064 ,

74 4084 216 4146 Jacobua
237 4085 425 4171 Apostolus,
449 4083 583 4150 dicens:
626 4085 729 4148 Omne
749 4083 864 4146 datam
884 4083 1042 4164 optimam
1065 4091 1098 4140 et
1119 4097 1181 4143 om·
1207 4095 1209 4100 ·

76 4187 116 4228 ne
137 4165 255 4234 donum
276 4165 460 4258 perfeetum
481 4161 663 4260 desursum
685 4161 733 4258 ‘ist
754 4163 951 4258 descendent
972 4187 994 4226 a
1017 4165 1116 4226 Patre
1138 4159 1182 4223 la·

332 4429 378 4464 N·
