2866 4822
309 245 391 316 m
648 247 700 314 lle
722 247 903 316 diuisione
923 226 1101 316 Naturae

333 449 390 496 ore
411 429 578 517 resurgat3
602 445 636 494 et
656 447 862 519 quocunque
882 429 1073 504 uanaierit,
1097 443 1271 504 tranteat;
1294 429 1337 494 in
1357 452 1417 494 err·

307 453 359 578 ier
382 527 494 578 tamen
516 514 727 580 solummodo
751 513 853 588 dico,
875 535 946 579 non
968 513 1006 577 in
1028 511 1133 599 ipsam
1156 512 1414 584 deificationem

236 655 238 660 .
309 618 395 684 quae
428 597 505 661 solie
540 596 776 684 purgatissimis
815 596 1045 662 intellectibus
1081 595 1291 662 donabitur?
1336 601 1416 660 Eri

308 679 462 828 {⁰⁸¹³2li
475 679 801 828 ”¹⁶:¹¹²¹²¹¹‘2‘*⁰t‘.'¹¹
825 683 955 828 illl?
971 679 1415 828 stittl‘ldffltssll

325 786 346 826 u
471 809 481 838 ,
571 787 583 827 a
641 786 660 827 e
1108 809 1116 826 .
1236 787 1259 826 v
1396 787 1416 826 u

271 841 275 858 “
310 785 738 934 Οιιιὶιοίἱοεοοῦιηὲἥοίιαὲε
760 786 930 934 diqiutare
951 787 1139 932 in'iipiam,
1162 785 1207 910 eti
1223 869 1292 934 qua
1320 849 1414 912 omni

310 929 450 996 assensus
472 927 508 992 iu
531 929 734 1016 puriffimam
756 953 867 996 rerum
891 930 1124 1016 cognitionem
1150 929 1306 994 inchoat.
1354 935 1407 994 Cre

310 1013 380 1088 dia,
405 1029 443 1076 ut
465 1012 605 1099 opinor,
631 1014 747 1080 omnia
790 1035 852 1078 uae
874 1014 950 1078 sunt
974 1029 1007 1077 et
1029 1035 1115 1099 quae
1136 1035 1207 1079 non
1228 1015 1335 1088 sunt.
1364 1018 1412 1078 hot

309 1097 374 1171 eli,
407 1117 493 1182 quae
520 1097 616 1162 sensu
644 1113 679 1162 et
707 1035 884 1162 inteilectu
905 1098 1149 1172 succumbunt,
1187 1113 1222 1162 et
1243 1118 1339 1182 quae
1361 1101 1412 1161 seu

148 1237 153 1254 ,
253 1227 275 1262 ,⁸
309 1181 382 1246 sum
399 1201 533 1244 omnem
549 1195 582 1244 ct
599 1180 809 1246 intellectum
826 1183 1000 1330 superant,
1024 1195 1058 1250 et
1072 1181 1413 1266 tantumposiDeun,

311 1279 351 1327 ut
372 1277 406 1327 et
427 1261 537 1327 verbio
559 1263 662 1328 sancti
684 1264 836 1348 Dionysii
886 1263 1078 1350 reopugitae
1093 1279 1185 1336 utar,
1208 1263 1303 1330 circa
1318 1268 1414 1328 Deuu

309 1347 509 1494 polvunltrur,
532 1347 749 1414 inferioribus
771 1349 804 1412 se
825 1346 954 1414 naturis
976 1345 1152 1432 incognite
1172 1347 1210 1410 iu
1231 1351 1346 1412 verbo
1365 1348 1413 1412 Dei

324 1446 436 1494 actae
462 1451 490 1493 e.
646 1489 650 1498 ,
862 1465 866 1472 ·
1205 1445 1209 1458 ’

373 1522 423 1594 ⁹4
446 1517 488 1577 D.
521 1515 597 1580 Hoc
619 1513 858 1578 incunctanter
879 1529 914 1577 et
934 1517 1034 1577 credo
1061 1527 1095 1577 et
1114 1528 1281 1598 quantum
1304 1513 1413 1578 illumi

308 1615 374 1662 nor
394 1597 538 1682 superno
558 1597 688 1660 lumine
709 1596 882 1684 intelliget
913 1595 1055 1660 audiena
1079 1596 1412 1682 sacrem·scripturau

311 1677 479 1744 dicentem
492 1699 501 1742 t
516 1667 565 1744 xIn
585 1683 750 1762 principio
761 1673 856 1770 fecit
876 1681 973 1744 Deus
994 1682 1114 1745 coelum
1128 1693 1320 1756 euenum,-
1341 1683 1413 1768 prin

309 1762 438 1847 cipium
467 1763 637 1848 appellunt
671 1762 887 1850 unigenitum
910 1765 1050 1828 verbum
1072 1762 1108 1826 in
1155 1785 1201 1827 uo
1221 1780 1325 1850 pater
1346 1763 1413 1830 iecit

310 1843 443 1918 omniu,
469 1844 555 1908 coeli
577 1867 656 1910 vero
680 1863 852 1933 terraeque
873 1847 1048 1912 vocabulis
1069 1785 1271 1910 invihbilem
1295 1863 1334 1911 et
1354 1851 1412 1912 vib

311 1928 412 1992 bilem
435 1945 616 1994 creaturam
642 1929 840 2015 significent.
883 1933 926 1992 Et
951 1929 1032 1994 alibi
1055 1929 1266 2014 fimpliciter,
1290 1934 1361 1996 hoc
1381 1933 1426 1994 ri

202 2084 206 2094 ¹
310 2010 543 2102 uniuersaliter
569 2012 631 2078 citt
675 2017 796 2080 Omnia
825 2016 858 2078 in
874 2007 1051 2103 supientia
1062 2009 1208 2103 jecisti;
1237 2016 1358 2079 omnia
1378 2015 1414 2079 di·

310 2117 390 2160 cene
424 2094 578 2160 omnium
608 2113 834 2162 creaturarum
864 2095 1149 2160 universalitatem
1170 2093 1207 2160 in
1229 2099 1341 2162 verbo
1362 2099 1413 2162 De'

309 2179 431 2244 sectam
465 2179 637 2246 conclusit.
681 2183 727 2246 Μ.
758 2183 906 2244 Puturne
937 2177 1042 2266 igitur
1075 2177 1190 2244 omnia
1211 2199 1301 2264 quae
1324 2181 1362 2248 in
1380 2185 1413 2245 la·

304 2260 523 2350 pientirDei
547 2263 749 2338 factasunt,
773 2262 949 2328 viverean
975 2261 1044 2326 vita
1069 2283 1198 2336 carere,
1229 2263 1285 2326 vel
1309 2283 1351 2330 ut
1370 2287 1411 2328 re

307 2345 378 2410 riua
401 2361 434 2408 et
455 2345 602 2428 apertiue
626 2345 751 2416 dicam,
776 2362 889 2410 utrum
914 2365 1015 2408 omne
1036 2349 1129 2432 quod
1149 2345 1185 2408 in
1208 2345 1275 2408 Dei
1295 2349 1411 2435 sapien·

311 2430 357 2491 tia
388 2429 513 2490 sactum
543 2429 603 2501 est,
633 2427 701 2492 vita
724 2447 758 2492 et
783 2427 943 2515 sapientia
967 2429 1026 2499 est,
1056 2427 1213 2513 vitaeque
1235 2444 1272 2491 et
1293 2433 1409 2520 sapien

177 2550 183 2571 .
310 2511 376 2576 tiae
404 2509 589 2597 particeps,
620 2513 754 2576 necne‘l
786 2517 830 2576 Et
860 2515 881 2576 si
912 2511 980 2573 vita
1011 2527 1043 2574 et
1066 2509 1227 2597 sapientia
1251 2515 1298 2578 est
1323 2539 1410 2581 omne

309 2598 399 2682 quod
427 2591 462 2656 in
488 2594 647 2680 sapientia
671 2597 796 2659 sactum
821 2595 865 2658 est
886 2593 1024 2666 divina,
1056 2611 1169 2658 utrum
1191 2601 1412 2685 temporaliter

192 2737 201 2750 ,
309 2677 423 2766 coepit
444 2679 506 2742 else
527 2699 569 2742 an
592 2679 720 2764 semper
741 2695 828 2753 erat,
852 2695 886 2744 et
907 2698 977 2742 non
1001 2695 1070 2741 erut
1086 2681 1312 2764 quandonon
1329 2683 1410 2748 erati

283 2765 402 2838 Ἕω
418 2757 471 2834 ,ita
492 2762 552 2838 elit
585 2783 658 2826 nun
684 2781 760 2828 uam
783 2762 846 2828 erit
868 2764 1002 2849 quando
1024 2783 1093 2826 non
1117 2760 1200 2840 erit3
1230 2783 1316 2830 nam
1341 2769 1362 2831 fi
1383 2789 1412 2828 er

308 2861 461 2934 tempore
491 2845 606 2932 coepit
633 2785 711 2922 elie,
741 2847 869 2912 necesse
891 2843 934 2908 eli
956 2865 1033 2908 cum
1057 2861 1208 2932 tempore
1228 2847 1338 2912 liniri.
1382 2855 1414 2912 n.

229 2954 241 3020 s
307 2932 397 2996 Absit
419 2949 437 2992 a
460 2933 561 2994 corde
584 2929 735 2994 fidelium
757 2933 823 2996 hoc
845 2927 1045 3004 existimare,
1081 2943 1246 2994 utomne
1269 2938 1367 3018 quod
1387 2933 1414 2996 in

307 3017 411 3078 verbo
433 3014 498 3078 Dei
519 3014 645 3080 sactum
668 3013 712 3077 esi
731 3013 801 3078 vitu
823 3035 893 3078 nou
916 3012 974 3086 tit,
1016 3027 1051 3076 et
1071 3011 1141 3076 vitu
1157 3013 1295 3097 sapient
1321 3035 1357 3082 et
1377 3039 1417 3080 ee

169 3071 172 3080 Ἰ
228 3137 233 3152 ·
309 3113 402 3162 ternu
424 3101 549 3184 abeque
570 3099 637 3162 ulla
661 3097 836 3184 temporali
851 3094 1082 3170 inchoatione,
1105 3099 1229 3182 abique
1244 3099 1320 3164 ullo
1347 3120 1416 3166 tem

308 3181 415 3267 porali
439 3181 595 3246 termino.
639 3183 725 3245 Nam
748 3196 783 3244 et
803 3201 942 3267 corpora
956 3178 1134 3264 omniaque
1154 3179 1320 3246 sensibilia
1340 3207 1417 3250 crea-

310 3281 384 3330 tura
405 3265 442 3328 in
466 3263 556 3350 ipso,
580 3263 647 3326 vita
672 3264 801 3350 sopiens
825 3281 858 3327 et
879 3279 1013 3328 aeterna
1037 3263 1101 3338 est,
1124 3261 1172 3326 itu
1192 3278 1232 3326 ut
1256 3265 1417 3332 ineffabili

310 3363 344 3412 et
372 3346 720 3431 incomprehensibili,
752 3345 904 3412 credibili
939 3362 1051 3410 tumen
1075 3347 1177 3410 modo
1199 3349 1316 3414 omnis
1341 3373 1417 3416 crea·

310 3445 383 3494 tura
412 3429 448 3494 in
479 3429 551 3514 ipso
587 3430 680 3496 vivat
701 3445 735 3492 et
757 3430 826 3493 vita
849 3431 902 3505 fin
934 3445 968 3494 et
989 3451 1067 3493 cum
1089 3445 1180 3494 extra
1200 3429 1316 3518 ipsum
1340 3434 1416 3499 nihil

308 3513 365 3586 sit,
397 3516 438 3577 de
471 3512 593 3598 seipso,
624 3516 717 3578 velut
740 3529 850 3590 extre,
881 3529 1046 3578 creaturae
1070 3511 1224 3578 conditae
1245 3519 1415 3602 produxit.

308 3595 394 3660 Nam
417 3611 450 3660 et
473 3595 561 3660 intra
583 3587 748 3684 ipsum⁸et
770 3612 860 3660 extre
881 3597 990 3682 ipsum
1013 3595 1203 3660 universum
1232 3619 1416 3664 creaturam

310 3677 454 3744 dicimur
483 3681 563 3754 elle,
593 3703 631 3744 ea
659 3679 792 3752 ratione
822 3695 862 3744 ut
883 3679 972 3744 intra
993 3679 1102 3766 ipsum
1124 3678 1283 3746 dicantur
1308 3686 1417 3748 causae

309 3783 421 3826 rerum
453 3779 486 3826 et
506 3762 653 3828 rationes
674 3779 812 3850 propter
833 3763 1085 3828 similitudinem
1105 3783 1220 3828 earum
1245 3781 1282 3829 et
1305 3767 1417 3855 fimpli·

308 3845 464 3920 citatem
495 3862 586 3911 extra
613 3847 724 3934 ipsum
751 3865 851 3924 vero,
881 3847 1020 3912 effectur
1053 3865 1168 3912 carum
1189 3848 1417 3916 causamme

307 3922 477 3993 rationum
507 3947 645 4016 propter
674 3932 843 4018 quandam
865 3929 1192 4014 dissimilitudinem
1222 3933 1311 3998 locie
1337 3935 1417 4000 euim

309 4026 343 4076 et
366 4013 573 4098 temporibus
597 4013 787 4089 variantur,
810 4015 990 4100 generibus
1012 4029 1046 4078 et
1059 4013 1250 4102 speciebua,
1300 4017 1419 4118 roprie

183 4113 187 4122 ·
309 4095 435 4162 tatibue
470 4112 504 4160 et
525 4097 757 4166 accidentibua
779 4095 1027 4163 diecernuntur.
1071 4099 1220 4185 Ideoque
1239 4123 1263 4164 v
1298 4118 1355 4166 utr
1376 4123 1419 4164 ea·

310 4193 358 4244 tre
388 4177 634 4267 simplicitatem
671 4179 806 4246 divinte
836 4181 1020 4270 sapientiae
1042 4179 1202 4248 dicuntur
1225 4184 1311 4258 elle,
1351 4205 1418 4250 cum
