3036 4862
236 269 239 288 ·
310 235 394 308 aee
651 235 705 304 oe
726 191 907 350 numme
928 233 1100 304 naemu.

313 417 580 505 incorruptibilia
601 419 752 506 eorporis
775 419 976 484 senfibiliuna
997 437 1110 484 rerum
1130 419 1200 484 sane
1221 417 1291 482 nlla
1304 418 1430 484 falsata·

314 506 358 570 tia
390 501 591 590 deceptione
639 501 794 567 hentasaia
817 503 995 568 formatura
1030 506 1126 583 cujus
1148 510 1202 566 ar'a'r
1223 499 1359 570 divinae
1384 503 1435 567 sa·

312 585 462 675 pientiae
483 585 585 650 radiia
606 525 816 650 iiluminatua
838 586 924 652 ratio
949 600 1035 661 erat,
1059 605 1125 672 qua
1141 594 1253 650 rerum
1272 586 1435 651 omnium

313 687 449 738 naturae
472 675 709 757 cognosceret:
733 673 829 749 cujua
852 673 989 742 aether,
1012 669 1145 734 animus
1166 669 1254 734 circa
1277 669 1434 734 divinam

313 769 468 820 naturam
500 767 636 818 aeterno
670 767 704 816 et
730 751 902 818 inerrabili
923 768 1020 817 motu
1040 751 1244 818 immutabili
1266 769 1436 818 etnauta·

313 837 375 904 bili
408 837 491 900 statu
520 833 857 902 circumvolvereturt
895 851 930 900 et
965 851 1094 902 caetera
1125 857 1210 923 quae
1244 837 1287 900 de
1311 835 1435 901 divina

314 921 463 1006 imagine
493 921 571 984 sunt
598 917 846 1005 praedicande3
881 917 951 984 imo
974 919 1075 984 etiarn
1098 919 1259 1006 quoniam
1280 917 1434 1006 intelligi

313 1025 385 1070 non
414 1003 567 1102 possunt,
603 1001 733 1068 silentio
756 1005 834 1067 sunt
853 1003 1118 1068 honorificanda.
1163 1007 1202 1068 ln
1223 1005 1290 1068 hoc
1310 1001 1433 1088 itaque

314 1087 467 1176 paradiso
502 1086 632 1150 sontem
664 1085 755 1150 vitae
775 1107 910 1151 manare
931 1086 1093 1172 scriptura
1108 1086 1265 1162 'tellatur,
1299 1106 1340 1150 ex
1359 1105 1434 1172 quo

316 1185 461 1259 quatuor
480 1168 646 1234 virtutum
667 1167 826 1246 flumin'a,
848 1169 885 1234 in
909 1169 1014 1256 figure
1030 1183 1175 1256 quatuor
1186 1169 1433 1256 principalium

315 1253 435 1320 mundi
457 1251 638 1317 fluviorum
661 1252 769 1317 dividi
790 1269 983 1318 narrantur:
1004 1253 1221 1340 prudentiam
1232 1252 1321 1329 dico,
1345 1268 1432 1317 tean-

315 1337 521 1425 perantiam,
545 1335 802 1412 fortitudinem,
823 1335 999 1416 justitiama
1023 1357 1108 1423 quae
1124 1335 1308 1436 spiritualia
1323 1337 1434 1400 fluen-

317 1437 351 1486 ta
381 1441 420 1486 ex
449 1419 566 1484 divina
600 1419 780 1506 sapientia,
815 1439 901 1505 quae
923 1420 967 1484 all
989 1421 1094 1484 totiua
1114 1436 1206 1486 vitae
1227 1419 1306 1484 fona
1328 1434 1433 1506 atque

228 1559 232 1567 .
315 1501 468 1575 virtutis,
492 1502 721 1588 erumpentia,
754 1501 896 1590 irrigant
915 1503 1124 1588 superficiem
1146 1507 1313 1569 humanae
1333 1519 1435 1566 netu·

317 1609 393 1652 rae:
414 1585 508 1672 priua
531 1585 668 1671 quidem
689 1584 725 1648 in
748 1585 882 1664 secretio
902 1585 1122 1652 humanitatis
1145 1585 1288 1662 sanibua,
1320 1583 1434 1650 veluti

315 1669 353 1734 in
382 1668 610 1734 occultissimis
637 1667 861 1766 intelligibilia
893 1683 999 1733 terrae
1022 1665 1137 1757 potia,
1175 1669 1213 1733 in
1245 1668 1433 1738 invisibilea

254 1793 265 1822 1
315 1751 458 1818 virtuter
487 1750 673 1837 surgentiat
707 1753 831 1816 demde
853 1749 890 1814 in
913 1767 1045 1838 apertoa
1066 1757 1231 1818 bonarum
1254 1751 1432 1818 actionum

190 1863 197 1879 ›
318 1834 457 1899 effectur
479 1833 661 1909 scatentia,
699 1831 963 1899 innumerabilea
984 1835 1110 1920 species
1132 1835 1298 1900 virtutum
1320 1851 1355 1899 ct
1378 1855 1433 1900 ac·

317 1917 451 1982 tionum
483 1919 644 2004 produnt.
686 1918 736 1980 Ex
764 1915 841 2004 ipfie
870 1917 962 1982 enirn
990 1919 1102 1984 omnia
1134 1919 1241 1984 virtut
1273 1933 1306 1984 et
1339 1917 1434 1984 actio

342 1999 549 2100 regreditur,
587 2013 621 2063 et
640 1998 678 2062 in
699 1997 785 2086 ipsae
806 2001 1003 2078 revertitur,
1037 2001 1127 2148 ipsae
1148 2023 1229 2066 vero
1250 2023 1291 2066 ex
1313 2001 1435 2066 divina

316 2025 482 2169 iapaentia
512 2082 731 2169 egrediuntur
761 2097 796 2147 et
818 2081 951 2148 inaearn
971 2105 1053 2150 revo
1068 2099 1205 2164 vuntur.
1248 2089 1287 2150 ln
1310 2087 1434 2150 eodem

241 2174 245 2187 “
342 2165 469 2232 aradiso
494 2170 562 2231 duo
583 2165 675 2252 ligna
698 2166 760 2230 else
779 2167 949 2251 praelatus
971 2170 1184 2254 Theologua,
1215 2187 1358 2268 magona
1382 2163 1434 2230 ri·¹

315 2189 442 2314 ielicet
463 2249 661 2334 Gregoriua,
686 2271 724 2312 ex
751 2247 845 2314 onita
876 2273 1011 2336 qnorum
1037 2255 1109 2327 uni,
1139 2265 1177 2314 ut
1197 2251 1245 2314 ait
1265 2253 1354 2338 ipse,
1377 2273 1434 2315 no-

317 2355 390 2397 men
419 2333 468 2423 est
498 2337 583 2405 mitt.
613 2333 674 2396 ltoc
695 2271 747 2420 est
763 2355 872 2406 omna,
908 2335 1009 2397 altari
1027 2357 1106 2398 varo
1127 2331 1299 2420 γνωστὸν,
1333 2339 1433 2414 cujus

317 2411 467 2480 nominis
494 2413 782 2498 interpretatio‘si
804 2419 846 2479 ad
866 2415 1033 2502 liquidum
1054 2417 1259 2503 proferatur,
1289 2437 1361 2482 non
1384 2418 1432 2482 sa-

318 2495 362 2562 tia
389 2495 601 2562 intellectum
629 2495 716 2581 ligni
745 2497 913 2582 exprimit.
954 2501 1136 2585 Propterea
1163 2498 1355 2564 ut·saciliua
1375 2499 1432 2564 in·

134 2645 137 2660 ,
212 2642 216 2648 ,
318 2579 507 2666 telligatur,
528 2578 612 2666 quid
632 2599 673 2642 eo
695 2578 791 2664 ligno
814 2579 1036 2666 significatur,
1072 2582 1203 2668 placuit
1223 2583 1325 2648 nobie
1345 2607 1432 2668 γνω-

210 2717 213 2727 .
319 2657 401 2728 στὸν
433 2675 564 2726 vertere
594 2661 631 2725 in
657 2665 807 2725 mixtum.
851 2663 944 2747 Quid
975 2665 1018 2728 est
1039 2685 1118 2752 ergo
1141 2669 1236 2746 ndo„
1268 2669 1309 2731 de
1331 2673 1432 2748 cuju·

317 2747 431 2810 fructu
460 2747 562 2826 jullua
588 2743 633 2808 est
661 2747 764 2810 homo
787 2745 902 2811 cibum
923 2748 1076 2812 sumere?
1110 2751 1186 2814 Πᾶν
1206 2739 1361 2836 profecto
1384 2751 1432 2816 esi

316 2827 403 2894 illud
430 2827 562 2915 lignum
588 2830 631 2892 de
652 2849 720 2914 quo
741 2828 903 2916 scriptura
924 2830 1028 2896 dicitt
1062 2835 1289 2918 Produuitqae
1307 2837 1430 2900 Donas-

319 2933 382 2978 nus
407 2914 506 2977 Deus
533 2913 576 2976 de
601 2915 697 2976 hamo
718 2935 810 2976 omne
828 2913 952 2996 signum
973 2916 1120 2996 parietum
1140 2914 1215 3010 visat
1237 2919 1337 2982 etad
1355 2943 1431 2983 vas·

317 2997 455 3059 candum
471 2991 592 3088 suove.
643 3000 785 3079 Lignum
817 3002 919 3062 etiam
946 3003 1042 3064 tritae
1070 3004 1104 3063 in
1133 3003 1242 3067 madio
1264 3000 1429 3093 poradifi.

317 3081 362 3142 Et
389 3079 492 3165 paulo
520 3080 601 3166 poll.
641 3084 700 3144 Ex
727 3081 817 3145 omni
842 3083 933 3164 ligno
958 3082 1109 3170 paradifi
1138 3087 1288 3164 rmnede:
1315 3107 1429 3152 unum

317 3161 451 3248 lignum
483 3181 585 3226 omne
612 3162 743 3249 lignum
774 3163 945 3232 vocitttna.¹
982 3167 1091 3230 Nemo
1114 3186 1193 3254 ergo
1215 3162 1430 3254 sequentium

317 3243 483 3332 praedicti
510 3247 678 3342 Theologi
710 3245 919 3322 doctrinam,
951 3249 1112 3314 existimet
1132 3252 1169 3314 in
1188 3253 1342 3337 'paradiso
1364 3256 1432 3318 else

317 3328 463 3414 plurima
490 3327 583 3414 ligna
619 3329 821 3394 diversarum
841 3329 1023 3396 formarum
1045 3333 1318 3422 diiersorumque
1338 3335 1432 3403 fru‘c·

318 3427 435 3485 tuum,
458 3409 565 3474 veluti
588 3415 755 3496 quandam
778 3413 1036 3495 sylvammultia
1053 3417 1226 3483 arboribua
1241 3419 1427 3506 copiosam,

204 3555 210 3578 ,
317 3495 374 3558 sed
402 3495 470 3558 du'o
499 3493 728 3560 solummodoa
762 3517 870 3562 unum
899 3498 1034 3586 quidem
1057 3503 1141 3576 raia,
1178 3504 1318 3568 alterum
1339 3525 1428 3570 vero

317 3569 487 3664 γνωστὸνς
510 3589 545 3639 et
565 3577 610 3641 est
628 3582 696 3648 πᾶν
718 3571 844 3662 ξύλον,
865 3584 932 3646 hoc
953 3583 1006 3657 est,
1027 3606 1119 3648 omne
1130 3587 1263 3668 signum,
1281 3591 1428 3654 verbum

268 3685 272 3697 a
319 3673 353 3722 et
384 3659 546 3744 sapientia
573 3661 696 3747 patria,
730 3663 899 3730 Dominus
919 3666 1027 3730 noller
1050 3669 1140 3733 lesue
1161 3671 1329 3748 Christus,
1364 3673 1428 3759 qui

318 3743 375 3816 est,
392 3764 493 3806 omne
514 3741 645 3829 lignum
668 3745 879 3811 fructiferum
900 3747 937 3812 in
960 3749 1074 3816 medio
1095 3755 1262 3819 humanae
1283 3771 1429 3820 naturae

316 3825 456 3910 paradisi
481 3826 692 3912 plantatum,
729 3829 857 3926 duplici
877 3831 1037 3898 videlicet
1057 3839 1171 3900 modo.
1213 3837 1329 3906 Primo
1352 3840 1428 3926 qui·

317 3911 394 3972 dem
422 3909 607 3976 secundum
636 3914 726 3977 suam
757 3913 989 3992 divinitatem,
1018 3921 1247 4004 qoanoſtratn
1268 3939 1427 3989 naturam

316 4007 351 4056 et
372 4007 483 4068 creat,
513 4007 548 4056 et
567 3993 740 4071 eontinet,
778 4011 812 4062 et
831 3996 958 4076 nutrit,
988 4015 1023 4064 et
1042 4000 1213 4080 vivificat,
1245 4015 1280 4070 et
1297 4005 1426 4076 illumi·

314 4091 390 4149 nat,
420 4089 454 4139 et
486 4074 638 4153 deificat,
671 4095 707 4144 et
732 4095 869 4156 movet,
898 4095 933 4147 et
949 4083 1023 4169 ,elle
1043 4084 1136 4152 facit.
1178 4091 1224 4154 In
1243 4088 1318 4180 ipso
1337 4093 1427 4156 enlm

312 4162 454 4224 vivimus
475 4173 509 4224 et
529 4179 692 4230 movemur
711 4176 745 4228 et
761 4157 881 4248 [umus.
911 4167 1069 4235 Secundo
1088 4191 1170 4238 vero
1191 4189 1258 4260 quo
1275 4175 1422 4242 nostram
