2884 4820
154 294 163 308 .
250 177 351 308 sss*
430 269 450 324 4

254 423 347 487 Unus
368 440 446 487 eum
467 419 597 490 Christo
619 423 758 510 paracliti
777 421 896 492 iimina
915 421 1006 490 vidit

296 506 389 572 Alter
409 505 605 603 sulphureae
625 508 750 570 mersus
772 507 807 572 in
829 507 896 572 isne
918 507 1025 594 stygis.

254 587 392 674 Eclipfis
414 585 492 653 iohs
513 591 614 654 lunae
635 591 806 655 redeuntis
829 611 891 656 eoo

295 669 434 737 Insolito
456 673 553 736 cursu
574 671 688 738 fideris'
708 678 825 740 umbra
847 673 914 736 fuit
1040 731 1042 736 ,

164 803 167 818 .
256 756 575 823 commoto-centro
598 757 820 822 tremulentis
834 757 907 821 saxa
929 755 1126 826 dehiscunt:

295 839 408 924 Rupta
430 837 575 914 corfini,
600 840 711 904 iuncta
734 855 852 927 petent
872 837 1019 926 populis.

254 925 385 988 Interea
406 922 512 986 iaetus
535 923 622 1008 solus
644 923 733 987 [ubit
753 923 862 988 infera
883 921 1030 986 Christus

283 1004 521 1069 'Committens
544 1007 674 1070 tumulo
696 1007 845 1072 membra
866 1006 993 1092 sepulta
1009 1023 1110 1067 novo.

252 1085 424 1176 'Oniirqc
444 1087 541 1152 fortis
562 1087 720 1153 reseravit
741 1089 875 1156 claustra
896 1086 1069 1174 profundi,

201 1191 204 1206 ·
294 1171 429 1235 Hostem
450 1171 644 1257 percutiens
666 1173 741 1238 vissa
761 1187 895 1258 recepta
917 1170 1006 1235 tulit.

255 1255 518 1340 Humanumque
539 1275 646 1342 genus
667 1257 787 1320 nolens
808 1255 845 1320 in
867 1269 976 1318 morte
996 1251 1105 1338 perire

295 1335 352 1400 Eri
379 1336 431 1400 uit
451 1352 563 1402 totum
584 1337 738 1403 faucibus
761 1361 800 1402 ex
823 1335 924 1402 erebi.

254 1421 306 1484 Te
328 1421 356 1485 0
401 1419 494 1486 'stum
516 1420 658 1486 colimus
681 1421 766 1486 caeli
788 1438 961 1506 terraeque
982 1433 1167 1504 potentem,

208 1529 212 1536 ¹
293 1503 448 1591 Namque
469 1503 533 1568 tibi
555 1503 616 1568 soli
637 1503 785 1569 flectitur
806 1525 907 1568 omne
928 1523 1029 1590 genu.

254 1585 326 1672 Qui
346 1602 478 1652 tantum
499 1586 620 1674 largire
639 1587 734 1652 vides
757 1591 849 1674 quod
868 1585 934 1651 rite
954 1583 1099 1670 rogaris3

294 1671 338 1732 Et
358 1674 451 1755 quod
471 1691 541 1734 non
562 1685 674 1744 recte,
698 1670 763 1734 rite
783 1691 905 1756 negare
927 1669 1021 1732 soles.
1074 1681 1076 1684 ’

252 1755 306 1815 Da
327 1753 436 1823 nostro
456 1752 529 1837 regi
550 1755 673 1818 Karoio
697 1755 753 1815 iun
772 1775 808 1816 re
832 1763 883 1814 na·
898 1767 1025 1824 tenere,

296 1834 391 1918 Quae
414 1849 453 1898 tu
475 1834 600 1898 donasti
622 1835 772 1919 patribus
795 1776 983 1918 aimigenis.

175 1989 178 1994 ,
209 1953 214 1964 ,
253 1920 361 1982 Fonte
382 1932 442 1980 tuo
463 1931 604 1980 manant
624 1917 767 1980 ditantia
787 1938 890 2002 regna
911 1937 972 2001 per
993 1915 1127 1978 orbem:

295 2000 398 2098 Quod
420 2015 458 2062 tu
478 2019 549 2063 non
571 1999 722 2074 dederis,
746 1999 829 2085 quid
850 2000 951 2062 hebet
974 1999 1043 2060 ulie
1064 1991 1168 2059 carui

253 2082 419 2149 Invtdism
441 2081 594 2147 miseram
616 2083 755 2146 fratrum
778 2084 980 2166 saevumque
1001 2081 1160 2150 furorem,
1188 2076 1212 2154 ¹}

293 2164 452 2252 Digneria
474 2181 574 2251 pacto
596 2166 791 2231 mollificare
814 2182 886 2228 tuo.
973 2199 976 2202 ·
1181 2197 1184 2200 ·

254 2249 297 2314 At
317 2271 362 2312 ne
384 2249 575 2312 disturbent
594 2247 759 2312 luctantia
780 2249 898 2312 fraude
918 2243 1075 2330 maligna,

295 2332 398 2396 Aufer
420 2334 462 2395 de
483 2330 555 2395 vita
576 2329 702 2394 semina
723 2329 905 2416 nequitiae.
984 2338 987 2349 '

253 2413 396 2480 Hostiles
419 2412 549 2477 anirnos
570 2435 768 2511 paganaque
789 2414 888 2478 rostra
909 2411 1085 2496 repellens.
1110 2407 1137 2484 ²)

293 2499 347 2560 Da
367 2499 485 2582 paoem
506 2497 634 2580 populo
658 2519 715 2582 qus
740 2512 795 2559 tua
815 2501 888 2574 jura
912 2494 1004 2559 colit.

254 2579 356 2644 Nunc
375 2577 522 2642 reditum
542 2578 658 2642 Karoli
680 2579 886 2643 celebremus
908 2575 1056 2642 carmine
1076 2588 1187 2659 grato:

293 2661 370 2726 Post
388 2662 513 2726 multoe
537 2660 682 2748 gemitus
703 2661 826 2746 gaudia
847 2661 955 2725 nostra
978 2659 1101 2724 nitent.

255 2743 325 2832 Qui
345 2743 425 2808 laeti
445 2744 580 2808 fuerant
601 2759 799 2831 quaerentes
823 2759 933 2808 extera
954 2761 1069 2828 regna,

294 2829 370 2894 Alae
391 2825 558 2914 arripiunt
579 2847 661 2913 quas
686 2826 780 2892 dedit
800 2826 870 2913 ipsa
891 2827 981 2912 fuga.

288 3087 316 3151 l)
337 3085 407 3138 Setis
424 3083 492 3137 hree
508 3091 574 3140 uota
592 3085 654 3138 sunt
673 3101 706 3137 ex
724 3081 837 3136 historie
854 3083 949 3136 Ksroli
967 3080 1058 3147 Cairi;
1078 3081 1125 3152 qui
1163 3081 1261 3136 dmum
1275 3083 1367 3138 socie·

322 3161 378 3206 tate
396 3169 456 3206 cum
474 3155 554 3207 fratre
572 3154 711 3208 Lutsvtco
729 3153 816 3216 inita,
834 3153 964 3222 pugnavit
980 3152 1109 3202 acerrime
1121 3099 1245 3206 miserius
1253 3153 1368 3207 intrent

321 3223 488 3291 Klotsrium3
506 3221 607 3306 deinde
624 3224 705 3275 etism
723 3219 890 3274 Lndovieum
907 3219 1012 3274 hostem
1030 3219 1135 3273 habuit.
1170 3221 1248 3274 Unde
1266 3221 1367 3292 thyth.

320 3290 480 3412 'iiiiii
499 3291 644 3412 istit?
656 3287 940 3428 :miiittizii
957 3289 1075 3428 iiiiii
1087 3291 1202 3412 titi
1220 3290 1365 3420 ..itit

321 3429 438 3498 epistola
464 3427 499 3480 sd
523 3429 652 3480 Koroium
678 3427 832 3498 praeposita
854 3427 988 3494 Dionysio
1015 3434 1092 3480 vocat
1116 3427 1184 3481 haee
1208 3427 1282 3484 betta
1302 3435 1367 3504 plns

320 3497 524 3618 qusm'civilis.
542 3507 573 3549 ut
590 3497 726 3566 significet
742 3497 866 3552 fraterna.
902 3496 1001 3548 Extant
1019 3495 1138 3565 denique
1153 3497 1188 3550 de
1204 3495 1368 3559 hisdiseor-

340 3567 371 3618 iis
389 3565 522 3636 bellisque
539 3567 620 3618 etism
638 3565 776 3618 liinemsri
793 3566 922 3618 remensis
938 3566 1012 3617 vasis
1029 3565 1136 3635 scripta.

257 3693 259 3700 ¹
285 3672 314 3746 Ι)
331 3676 424 3729 Intelli
442 3693 458 3728 e
474 3675 693 3740 Nondumque,
716 3671 749 3727 de
768 3691 881 3746 quorum
897 3673 1098 3736 incursionibus
1114 3677 1144 3728 in
1164 3675 1283 3731 Guttam
1303 3695 1366 3752 reg·

320 3751 403 3798 nante
421 3694 520 3798 istola
539 3746 621 3799 Calvo
639 3745 733 3815 legesis
751 3741 900 3798 chronicon
918 3743 1364 3816 sonhmsnn.spsdct.t>errztum

318 3829 437 3868 monum.
456 3813 520 3866 hist.
539 3815 662 3867 German.
680 3813 712 3867 Τ.
732 3813 770 3881 t.;
787 3815 877 3883 prseei
898 3830 932 3867 ue
950 3829 1015 3867 vero
1031 3815 1191 3868 relstionesn
1199 3814 1364 3871 uuonan

320 3880 393 3954 spud
409 3881 531 3935 Bollsud
549 3885 615 3936 msii
632 3883 666 3939 Τ.
686 3883 732 3936 vt.
750 3899 776 3952 p.
794 3882 854 3942 wi.
873 3831 930 3956 iqq.
956 3883 1108 3946 Deitatis,
1125 3883 1247 3954 quisunt
1254 3886 1363 3941 North-

213 3991 216 3998 .
319 3951 429 4014 menni,
446 3965 513 4005 etan
531 3953 578 4004 eiii
616 3950 793 4034 meditationi
811 3951 1006 4006 obsistentibus
1023 3953 1312 4008 consuledieuinumo

285 4061 286 4066 ,
320 4019 355 4076 Τ.
374 4019 407 4072 11.
432 4035 459 4104 q.
480 3968 539 4078 lfli.
567 4037 700 4104 .·'¹⁸¹¹¹.⁰'
717 4026 817 4091 purus
834 4023 1053 4142 squeaqudst
1069 4022 1200 4121 dicuinug
1216 3973 1361 4110 ‘ymffi

320 4087 588 4232 gqqtpeqqqnoqrffu
607 4087 955 4160 summasunmna
998 4091 1087 4143 noto.
1120 4109 1197 4164 eosq·
1217 4089 1357 4156 ruinius
