2952 4824
453 219 583 294 aare
602 221 757 294 nuo.
1049 190 1053 203 '
1115 223 1171 295 ae

132 405 312 476 medena
339 404 379 473 ln
402 405 481 474 loco
502 417 714 494 temporeve.
742 423 858 495 neque
881 405 985 474 finem
1004 427 1065 492 per
1083 405 1170 480 reso

73 431 227 558 ἔδωκα
255 492 401 568 babent,
430 511 545 578 neque
569 492 639 562 ulla
658 489 759 560 locali
779 489 946 578 politione
968 488 1171 556 circumscri-

76 571 389 655 buntur‚'revecluri
409 574 505 652 suat,
526 589 567 640 ut
586 573 649 642 leli
667 572 777 642 lucie
799 589 834 640 et
854 572 943 640 nibil
965 572 1058 644 aliud
1086 575 1170 652 liuta

95 660 211 726 resecto
232 657 328 726 omni
347 657 706 748 localitemporalique
720 656 1052 724 terminocarebunt.
1085 657 1171 724 Cau-

75 683 119 808 ln
137 743 225 810 euim
242 742 397 810 omnium
409 763 617 844 rerumquae
634 739 729 814 omni
739 757 831 808 caret
846 739 1170 828 circumscriptione,

76 849 165 912 quum
185 825 322 892 infinite
343 825 397 901 est.
421 825 551 892 infinita
571 824 803 892 indefinitum
824 827 1065 890 adhaerebunt.
1111 825 1171 890 So·

76 911 116 974 lue
135 931 278 1000 namque
297 913 391 974 Deae
406 908 443 978 in
458 910 536 1000 ipsu
550 907 736 998 apparebit,
757 911 894 1009 quando
912 907 1075 990 terminer
1092 909 1172 974 suae

76 1010 198 1058 naturae
226 993 487 1059 uansceudentt
516 1013 588 1060 non
617 1004 658 1058 ut
677 991 715 1062 in
738 1013 786 1062 eae
806 1008 926 1058 natura
947 1007 1082 1072 pereat,
1113 991 1172 1057 sed

76 1091 107 1140 ut
130 1077 162 1141 in
193 1075 241 1143 eie
263 1075 352 1142 solue
375 1099 416 1165 ap
442 1093 552 1164 areat.
586 1075 646 1164 qui
666 1076 754 1142 solue
775 1097 855 1142 vere
878 1076 931 1142 est.
974 1078 1020 1140 Et
1039 1078 1107 1144 hoc
1128 1073 1195 1146 est,

77 1175 213 1225 naturam
251 1102 505 1227 transcenderet
542 1175 699 1228 naturam
742 1181 814 1226 nou
853 1179 1023 1250 apparere.
1074 1157 1172 1234 Sicut

61 1265 139 1320 orer,
165 1258 204 1308 ut
223 1244 323 1331 saepe
346 1243 510 1320 diximus,
543 1244 621 1309 luce
641 1245 765 1331 plenue
786 1265 858 1312 non
875 1251 1039 1330 ‚appareti
1063 1264 1171 1330 quum

77 1326 132 1390 sola
154 1328 211 1392 lur
240 1323 372 1414 regnat.
415 1328 519 1414 Quod
550 1347 630 1416 ergo
653 1327 695 1395 de
717 1325 980 1415 generalium,
1010 1321 1171 1414 generali·

76 1431 130 1556 qqe
153 1425 304 1510 tempore
323 1409 520 1496 universplie
540 1425 713 1476 creaturae
730 1409 956 1498 «intelligitur,
990 1408 1172 1476 necessaria

95 1575 145 1640 riir
159 1599 176 1642 a
189 1577 322 1642 summo
331 1577 438 1664 usque
448 1579 602 1644 deorsum
617 1576 837 1666 intelligetur.
867 1575 1044 1644 Praecedit
1058 1592 1172 1643 autem
1243 1613 1245 1620 ·

77 1598 155 1724 locut
172 1658 350 1748 generalia,
373 1661 571 1750 tempusque
591 1662 758 1750 generale,
780 1661 965 1730 secuudum
980 1659 1173 1758 intelligen-

77 1739 145 1807 tiam
169 1744 286 1812 omnia
315 1744 460 1832 quaein
481 1743 529 1812 eia
548 1746 637 1810 sunt.
679 1744 856 1814 Praecedit
876 1767 912 1813 er
936 1743 1173 1836 especialrum

77 1768 998 1979 rattruutretractauit·
1025 1848 1174 1978 att

78 1934 296 2088 epacludllur‚
325 1991 377 2056 nil
438 1933 503 2058 iul
531 1930 594 2057 cle
619 1993 734 2059 locum
756 1933 823 2056 alisi.
841 1934 1039 2064 naluraleul)
1050 1931 1179 2066 diffini-l

79 2088 201 2154 nuncu,
232 2077 396 2151 modum,
428 2073 698 2174 positionemque
726 2075 992 2161 uniuscujueque
1020 2078 1088 2144 save
1114 2097 1172 2174 με·

79 2160 179 2224 rurdl'u
204 2161 276 2226 live
306 2159 456 2257 specialia
479 2173 670 2224 creaturae:
702 2161 988 2244 quemadmodum
1008 2159 1057 2224 nil
1079 2161 1205 2226 aliud,

80 2241 117 2304 ell
135 2259 266 2330 tempus
297 2243 361 2308 nrsr
386 2263 501 2308 rerum
528 2263 590 2329 per
619 2240 872 2328 generationem
894 2263 935 2306 ex
956 2261 1027 2307 non
1050 2243 1112 2306 elle
1133 2241 1172 2308 iu

79 2325 136 2390 elle
146 2325 337 2404 inchoatio,
370 2323 537 2414 ipfiusque
557 2331 678 2389 motus
690 2346 802 2390 rerum
825 2323 1040 2390 mutabilium
1061 2341 1173 2394 certae

80 2407 301 2485 dimensum,
334 2411 445 2474 donec
465 2408 582 2473 veniat
603 2407 726 2472 stabilia
747 2407 845 2482 finio,
867 2407 905 2472 in
927 2430 995 2496 quo
1016 2409 1173 2474 inimute·

79 2489 173 2556 biliter
189 2491 311 2558 omnia
330 2491 473 2558 stabunt.
516 2495 557 2555 D.
582 2491 742 2557 clarescit
787 2493 937 2556 aulolum
959 2508 998 2556 ut
1018 2514 1095 2558 reor
1109 2495 1171 2558 bu·
1309 2551 1313 2562 .

79 2579 119 2651 jur
135 2575 402 2642 ratiocinationis
425 2573 585 2640 intentio.
621 2576 707 2640 Nem
727 2515 784 2638 nil
797 2573 924 2640 aliuda
948 2573 1046 2662 petit,
1069 2597 1172 2662 quan·

82 2673 137 2722 tum
155 2660 236 2725 mihi
266 2657 593 2757 daturintelligcre,
629 2679 729 2745 quarn
751 2672 791 2722 ut
811 2657 860 2722 nil
883 2599 947 2722 cul
965 2659 1080 2722 locum
1102 2658 1173 2724 sua·

81 2743 142 2804 leat
158 2744 217 2826 nisa
239 2747 428 2808 naturalem
450 2742 713 2827 uniuscujusque
735 2757 905 2810 creaturae
919 2739 1172 2817 diffinitionem.

127 1511 271 1579 paruum
292 1495 364 1573 eiua
387 1493 489 1569 lucie,
522 1493 798 1584 temporibusque
818 1492 1021 1583 specialibue
1041 1507 1075 1557 et
1096 1513 1171 1578 pro·
1312 1537 1319 1564 r

80 2823 150 2888 inira
176 2849 279 2925 quam
311 2837 383 2891 tota
414 2824 626 2897 continetur,
661 2839 695 2888 et
716 2840 806 2890 extra
827 2826 1045 2911 quam-nulle
1067 2827 1172 2892 modo
1291 2873 1295 2878 -

81 2913 265 2974 extenditur.
308 2912 356 2973 Ac
387 2929 448 2994 per
468 2911 536 2972 hoc
556 2909 654 2972 detur
674 2906 838 2994 intelligi,
870 2908 938 2972 save
960 2909 1074 2978 locum
1096 2905 1173 2996 quie

83 2989 199 3068 dixerit,
233 2993 304 3058 five
330 2989 457 3068 linem,
491 2992 558 3055 five
586 2989 787 3064 terminum,
825 2991 892 3054 five
921 2987 1171 3067 diffinitionem.

84 3073 134 3138 tire
152 3073 508 3163 circumscriptionem,
529 3095 636 3138 unum
653 3071 867 3160 idipsumque
884 3071 1086 3160 fignificaret
1108 3095 1175 3140 am·

82 3157 173 3222 bitum
193 3159 357 3226 videlicet
377 3157 494 3223 finitae
519 3173 668 3221 naturae.

129 3253 176 3322 43.
205 3241 436 3330 Quamvilque
463 3241 590 3305 multae
619 3238 862 3305 diffinitionum
891 3237 1017 3326 speclea
1040 3237 1174 3324 quibus·
1208 3275 1213 3285 =

83 3324 144 3388 dam
163 3329 224 3390 else
249 3327 449 3397 videantur.
482 3325 550 3388 sola
572 3344 610 3386 ac
630 3345 710 3388 vere
730 3322 800 3410 ipsa
823 3324 966 3388 dicende
987 3321 1031 3387 eil
1051 3321 1174 3388 diffini-

83 3397 727 3558 turmatutinalibus
741 3405 1175 3556 attractati:

83 3569 331 3662 intelligibilium
350 3573 501 3662 partium
521 3566 658 3650 οὖσιας,
681 3589 739 3638 aut
752 3572 1059 3742 afflentafionet
1075 3593 1175 3659 qaue·

84 3655 148 3720 dem
166 3659 368 3724 extrinsecae
391 3681 453 3746 per
474 3657 679 3733 accidentia,
702 3673 761 3720 aut
860 3679 962 3724 eecun
987 3677 1031 3720 ue
1045 3657 1176 3722 senten·

84 3737 188 3806 darum
208 3741 335 3830 speclea
357 3742 446 3808 sunt.
488 3731 567 3808 Sola
588 3731 859 3832 veroudcre'rdpc
879 3739 917 3806 id
934 3677 1041 3812 solum
1054 3739 1189 3839 recipit
1295 3797 1299 3806 .

33 3897 38 3910 ,
86 3823 122 3884 tl
143 3825 394 3904 diffiniendum,
425 3829 519 3925 quod
546 3823 791 3914 perlectionem
810 3840 950 3891 naturae
971 3821 1177 3922 quamdrffi·

85 3901 130 3967 uit
145 3913 290 3998 complet
311 3931 351 3975 ec
371 3909 515 3998 perbcit.
558 3903 736 4006 Drffinitio
757 3908 867 3985 enim,
897 3923 937 3974 ut
959 3923 1007 3972 art
1026 3904 1177 3996 Augulli·

85 4009 158 4068 nat,
184 3995 266 4060 nteit
284 3996 419 4084 majam·
435 3997 517 4060 nihil
536 3997 642 4061 mutus
662 4007 753 4060 emat
771 4017 869 4082 quum
888 3977 1176 4083 quodsttsceplum

89 4069 129 4159 est
150 4077 195 4141 ud
220 4081 459 4162 explicandam.
500 4080 609 4145 Alrber
635 4082 764 4148 omnino
782 4071 908 4172 vitiose
929 4075 987 4168 ψ.
1032 4079 1080 4143 M.
1103 4073 1178 4140 Cla·

87 4175 118 4221 τε
140 4161 316 4250 perspiciet
344 4185 416 4232 nou
445 4162 538 4232 enim
558 4162 650 4231 aliud
670 4181 802 4252 praeter
822 4165 914 4251 quod
936 4159 1060 4239 dixilli.
1085 4177 1177 4246 prae·
