2970 4826
283 253 365 328 4⁰2
621 251 675 324 lle
695 253 877 324 lliolat'otte
899 249 1071 322 Naturae.

227 496 231 506 ,
286 434 399 508 sensae
420 455 456 505 et
476 439 570 505 casua
593 457 663 504 non
685 436 892 526 ignorantia,
925 438 981 502 sed
1001 437 1077 504 leve
1096 443 1274 524 peccatum
1296 431 1408 499 exilii·

285 522 410 592 mantia
430 522 553 590 unicae
575 521 652 587 suae
672 522 770 592 uxori
792 521 1001 588 consentiret
1023 524 1128 586 Adam
1150 519 1241 584 eninr
1263 539 1336 584 non
1360 515 1409 582 esi

285 609 461 684 seductae,
492 605 614 672 mulier
645 623 760 671 autern
792 606 928 672 seducta
959 603 1014 669 ea.
1056 605 1135 670 Non
1159 601 1251 668 enim
1271 600 1406 666 inscitae

284 691 465 780 peccavit,
487 690 635 778 ideoque
664 688 781 756 durius
814 687 932 776 puniri
957 687 1093 753 meruit.
1144 686 1283 775 Apertio
1316 685 1408 750 item

285 777 463 842 oculorum
477 797 545 876 qna
559 775 651 843 snam
664 773 855 840 nuditatem
871 785 1120 872 cognoverant,
1142 769 1410 859 perizomatum·

285 879 352 948 que
374 861 420 924 de
438 857 530 924 soltia
551 857 608 923 fici
630 856 808 932 consutio,
841 877 934 923 vocra
956 855 1039 920 item
1062 851 1310 920 deambulantia
1334 855 1408 916 Do·

286 941 375 1008 mini
405 939 472 1006 Dei
493 941 530 1006 in
552 941 705 1029 paradiso
729 941 883 1020 auditur,
918 941 1180 1026 amborumque,
1213 935 1335 1004 Adami
1355 934 1409 1000 vi·

286 1023 411 1092 delicet
443 1039 478 1089 et
505 1024 620 1091 uxoria
653 1028 742 1104 eiua,
777 1023 903 1090 asacie
923 1021 1152 1108 DominiDei
1173 1021 1272 1108 suga,
1307 1035 1344 1084 et
1364 1017 1405 1084 in

284 1108 400 1174 medio
426 1107 513 1196 ligni
547 1109 737 1183 absconsio,
772 1123 807 1172 et
829 1123 959 1174 caetera
980 1127 1088 1196 utque
1109 1109 1152 1172 ad
1174 1105 1407 1192 expulsorem

284 1191 435 1258 hominia
464 1195 507 1258 de
526 1192 696 1280 paradiso,
724 1193 809 1256 baec
829 1189 944 1258 omnia
965 1190 1001 1255 in
1021 1188 1174 1278 paradiso
1196 1211 1257 1278 per
1285 1183 1408 1252 antici·
1455 1185 1456 1198 ¹

311 1275 461 1341 ationem
490 1275 699 1364 praepollere
726 1274 814 1340 facta
845 1277 908 1342 elle
939 1273 1055 1342 divina
1085 1288 1199 1339 narrat
1225 1270 1287 1336 scri
1313 1287 1402 1342 tura.

284 1298 369 1462 dorp
401 1359 467 1424 sint
493 1377 673 1447 peccatum
708 1360 927 1446 consequuta.
980 1357 1017 1422 Si
1045 1357 1138 1423 enim
1165 1293 1337 1444 paradiiita
1360 1353 1405 1417 est

284 1445 434 1508 bumana
454 1459 575 1508 natura
596 1445 639 1509 ad
659 1441 845 1528 imaginem
867 1441 933 1508 Dei
955 1439 1113 1516 condita,
1136 1439 1219 1505 etin
1230 1435 1405 1526 angelicae

284 1525 508 1592 beatitudinia
528 1525 732 1614 aequalitate
752 1525 952 1602 constitum
976 1546 1055 1590 mox
1075 1525 1229 1612 profecto
1251 1537 1291 1586 ut
1313 1541 1404 1586 crea·

285 1623 395 1675 torem
424 1609 521 1674 suurn
550 1611 699 1682 deserere
729 1608 859 1684 voluit,
890 1631 931 1674 ex
960 1608 994 1674 di
1044 1609 1127 1672 itate
1155 1609 1233 1671 suae
1260 1620 1405 1670 naturae

181 1769 188 1780 g
285 1693 377 1780 lapsa
398 1692 452 1756 est.
495 1695 581 1756 Nam
604 1708 638 1756 et
657 1689 853 1778 priusquam
874 1691 972 1756 uxori
1009 1713 1071 1756 uae
1092 1688 1319 1763 consentiret,
1353 1687 1405 1750 su·

211 1820 217 1833 .
283 1774 419 1864 perbire
440 1773 627 1840 inchoavit.
669 1777 795 1852 Porro,
817 1776 843 1842 si
863 1767 996 1842 nullum
1019 1774 1163 1862 spatium
1175 1769 1338 1860 teinporia
1352 1769 1406 1833 in·

284 1873 338 1923 ter
365 1857 601 1924 conditionem
628 1857 731 1945 iplina
753 1875 786 1924 et
806 1860 935 1958 lapsum
959 1857 1075 1924 divina
1097 1857 1236 1924 tradidit
1257 1853 1403 1925 hilloria,

285 1940 370 2028 quid
390 1940 483 2006 aliud
504 1945 604 2007 datur
621 1939 769 2030 intelligi
793 1942 975 2090 scrqpturae
996 1941 1129 2006 filontio
1144 1940 1206 2005 nifi
1226 1937 1403 2004 bominem

285 2045 365 2090 mox
388 2039 428 2088 ut
449 2024 609 2090 conditui
630 2025 693 2102 est,
716 2027 836 2126 superb
877 2048 895 2090 e
916 2047 956 2090 ac
971 2037 1032 2112 per
1045 2028 1113 2090 hoc
1130 2021 1298 2090 corruisse.
1335 2019 1404 2086 Cui

105 2107 109 2114 '
230 2107 258 2178 ‘,
286 2107 337 2174 rei
364 2107 509 2174 maxima
539 2124 788 2195 argumentatio
819 2109 884 2182 est,
915 2107 1140 2174 homicidium
1162 2105 1316 2182 Diaboli,
1346 2106 1406 2189 qvi

205 2229 210 2236 ,
284 2185 451 2260 homicida
472 2205 547 2256 erat
566 2193 609 2256 ob
630 2195 747 2270 initio,
781 2207 815 2256 et
836 2197 871 2258 in
890 2197 1036 2256 ueritate
1056 2189 1257 2280 non'stetit:
1287 2185 1403 2276 quiet

284 2276 356 2364 ipse
376 2277 471 2339 nulla
492 2297 587 2340 mora
605 2275 818 2350 interstante,
840 2297 921 2342 mox
943 2291 983 2338 at
1003 2291 1134 2341 creatae
1156 2275 1200 2338 est
1219 2273 1330 2360 lapsua
1351 2271 1402 2334 su·

283 2357 492 2444 perbiendo,
528 2359 840 2446 consequenterque
869 2357 1002 2423 bomini
1038 2381 1116 2423 curn
1138 2373 1250 2423 creato
1271 2354 1331 2420 libi
1352 2353 1404 2416 in·
1455 2385 1456 2434 l

284 2440 437 2504 ridendo
460 2460 606 2526 eumque
628 2440 764 2505 astutiae
785 2463 919 2506 veneno
941 2441 1180 2506 interimendo.
1231 2443 1284 2503 De
1304 2439 1403 2502 Para·
1455 2501 1456 2508 ,

286 2522 357 2588 diso
378 2520 583 2587 sufficienter
602 2525 723 2595 babet,
747 2539 786 2587 ut
808 2523 959 2589 arbitror.
1003 2527 1045 2586 D.
1069 2523 1243 2588 Sufficeret
1263 2522 1399 2586 forsitan

285 2606 309 2670 st
337 2603 486 2669 breviter
513 2608 555 2668 de
588 2605 657 2668 ficu
685 2606 741 2668 illa
771 2611 866 2684 cujne
895 2605 986 2670 soliia
1011 2605 1237 2671 succinctoria
1260 2605 1401 2670 conluta

284 2689 384 2764 sunt,
413 2689 528 2774 deque¹
544 2685 687 2752 Domini
709 2685 775 2750 Dei
798 2688 1069 2754 deambulatione
1091 2689 1127 2754 in
1149 2689 1301 2775 paradiso
1322 2709 1400 2773 apc-

252 2843 254 2852 ·
283 2769 632 2919 rireiilliti?‘lii'
650 2771 1398 2941 silli.silisis:sllll'lslllll

282 2937 385 3003 nibua
406 2936 444 3001 in
465 2937 617 3023 paradiso
641 2937 801 3002 traditum
816 2959 886 3002 non
902 2937 1091 3026 incongrue
1107 2881 1284 3026 aciipitur.
1317 2943 1399 3004 Erat

284 3037 398 3088 autem
418 3020 504 3085 illud
525 3025 742 3094 mandatum,
776 3024 818 3084 de
838 3026 926 3087 omrai
945 3024 1036 3105 ligno
1055 3022 1207 3114 parodist
1226 3027 1399 3096 comedite,

283 3107 435 3188 deligato
457 3118 566 3172 autam
577 3099 747 3195 scientiae
766 3105 844 3169 boni
865 3120 899 3168 et
919 3109 999 3169 mali
1019 3109 1187 3172 comedere
1208 3109 1320 3175 nolite.
1352 3109 1397 3170 Et

282 3204 325 3254 ut
353 3187 487 3254 cautino
514 3169 710 3252 mandalum
734 3187 1289 3276 custodirent„praevaricationis
1310 3189 1397 3278 peri·

283 3271 399 3338 culum
419 3291 492 3336 non
512 3271 557 3334 est
578 3273 619 3334 ab
642 3269 690 3334 eit
712 3273 929 3336 occultatum.
971 3279 1014 3339 Ia
1033 3297 1219 3362 quamnqae
1232 3279 1315 3340 anim
1330 3277 1397 3348 die,

281 3353 414 3454 iuquit,
446 3355 656 3418 comederitis
685 3377 728 3418 ea:
760 3377 813 3430 eo,
847 3371 950 3420 morte
978 3363 1168 3426 moriemini.
1213 3363 1283 3424 L'ex
1315 3377 1396 3446 ergo

281 3433 401 3526 primia
428 3434 626 3500 bominibua
653 3435 690 3500 in
720 3437 872 3523 paradiso
894 3443 970 3506 data
993 3442 1054 3519 est,
1088 3449 1184 3524 cujua
1206 3446 1308 3508 verba
1328 3463 1397 3507 me·

280 3519 422 3586 moriter
441 3519 633 3610 tenebant,
653 3524 746 3608 quod
766 3523 924 3609 responso
945 3527 1095 3592 mulieris
1117 3527 1263 3614 serpenti
1289 3527 1394 3591 decla·

280 3617 384 3668 ratur.
425 3597 619 3695 Respondit
648 3607 732 3668 enim
760 3607 803 3692 de
821 3603 946 3694 snecta
970 3611 1132 3695 lignorum
1158 3634 1242 3696 qrtae
1254 3609 1339 3703 suna
1358 3613 1395 3673 in

280 3679 441 3792 paradiso
461 3691 638 3760 vescimur,
662 3689 703 3754 de
783 3704 840 3754 ctu
858 3713 938 3759 vero
956 3695 1042 3778 ligni
1061 3696 1150 3780 quod
1170 3695 1220 3788 ast
1238 3699 1273 3760 in
1283 3695 1396 3763 medio
1455 3693 1456 3780 l

111 3823 113 3834 .
223 3797 229 3804 ·
280 3769 448 3864 paradisi,
471 3777 646 3856 praecepit
665 3796 706 3838 no
728 3778 758 3838 is
778 3777 893 3852 Deus,
913 3801 953 3840 tte
966 3781 1204 3862 comederemus
1217 3793 1306 3842 etue
1322 3793 1394 3842 tatt-
1455 3829 1456 3838 ,

279 3873 431 3956 gerpertus
452 3857 552 3932 illuri,
573 3849 726 4007 rudperte
746 3862 930 3928 ntoriamur.
975 3865 1080 3944 (lujat
1101 3863 1184 3950 legia
1205 3866 1308 3928 verba
1325 3883 1394 3928 ma·
1455 3879 1456 3940 l

280 3939 313 4002 le
332 3955 574 4026 interpretatur
661 3943 815 4019 coluber,
837 3959 878 4007 ut
896 3945 1007 4032 primo
1028 3946 1204 4012 mulierem
1226 3947 1248 4012 i.
1271 3969 1300 4012 e.
1324 3947 1395 4010 sen-
1455 3943 1456 3990 ἶ

606 4009 613 4023 Ι

282 4022 354 4088 satta
376 4023 567 4171 deciperet,
593 4041 634 4090 ut
646 4049 714 4174 per
734 4049 812 4094 cum
833 4029 877 4092 ad
895 4027 1026 4109 virum,
1063 4033 1105 4096 ad
1127 4030 1279 4096 animum
1300 4029 1394 4096 ride·

280 4104 389 4184 licet,
408 4109 451 4172 ba
477 4123 547 4173 eret
568 4130 646 4174 acce
671 4133 750 4178 urut
785 4127 1033 4182 verumtatem
1054 4129 1088 4179 et
1107 4115 1313 4185 salutiferam
1328 4111 1395 4178 Di·

278 4188 353 4254 vini
382 4191 534 4288 inundati
565 4191 782 4261 dissimulavit
811 4193 994 4286 virtutem
1024 4197 1125 4288 quani
1146 4197 1170 4264 fi
1190 4197 1314 4268 mulier
1333 4193 1394 4264 illa
