3048 4856
452 73 454 84 ι
540 71 638 92 ,μμ-ν’
679 64 683 70 “

292 221 373 295 200
625 221 679 294 tle
699 217 882 292 ubetem
902 215 1077 330 Notrrca

230 453 233 460 -
290 403 482 482 subustum,
502 402 560 470 sed
584 407 628 470 ad
648 399 797 470 nihilum
817 417 988 492 verguntt
1002 402 1130 470 virtute
1151 424 1232 470 vero
1257 395 1413 470 veritati·

290 489 472 578 providae,
519 509 583 552 uae
600 489 639 553 in
660 487 880 565 iia'subl‘rllit,
912 509 957 552 ne
981 491 1024 554 ad
1043 487 1191 558 nihilum
1212 502 1314 553 ruant
1335 507 1414 572 pro·

289 575 460 640 hibentur.
496 511 539 638 ii
575 593 654 660 ergo
683 572 794 659 ipsum
821 574 964 638 verbum
994 571 1049 638 dei
1079 588 1113 637 et
1135 572 1250 637 omnia
1271 571 1355 640 iacit
1378 583 1433 636 et·

289 659 327 724 in
349 655 508 724 omnibua
529 656 589 732 fin
625 671 659 720 et
680 659 747 721 hoc
769 677 810 720 ex
833 654 944 720 verbio
966 655 1131 741 praedicti
1155 651 1258 742 patria
1274 653 1415 735 ⁸Diony·

291 741 327 807 fii
357 739 500 824 aliorum
525 763 569 806 ue
593 741 700 826 potest
732 762 749 802 a
775 737 927 826 probari:
963 737 1046 825 quid
1077 737 1255 809 mirumli
1289 743 1416 808 cuncta

291 823 438 913 quaein
459 763 531 911 ipat
558 827 663 888 verbo
684 763 925 908 inteiliguntur
948 823 1131 898 subsistere,
1156 821 1414 910 aetarna'fimul

291 926 326 982 et
355 909 443 973 iacta
481 911 663 973 credantur
684 923 719 971 et
739 922 990 993 cognoscantur
1012 908 1085 971 elle.
1131 907 1234 992 Quod
1256 905 1349 974 enim
1371 908 1415 970 de

290 993 388 1060 causa
427 991 658 1078 praedicatur,
692 997 758 1078 qua
790 989 924 1056 ratione
953 1011 1024 1054 non
1048 989 1149 1054 etiam
1172 993 1214 1054 de
1233 987 1416 1054 causativi·

289 1075 478 1164 praedicari
499 1073 598 1163 poffit
620 1095 692 1140 non
714 1071 867 1152 invenio.
902 1073 1026 1140 Omnia
1047 1072 1153 1160 igitur
1174 1093 1260 1159 quae
1281 1074 1416 1136 suntet
1479 1095 1487 1108 ·

291 1175 426 1231 aeterna
454 1160 550 1225 srmul
581 1173 616 1222 et
637 1156 726 1222 sacta
747 1177 819 1223 non
840 1156 1030 1244 incongrue
1052 1157 1234 1222 dicuntur:
1272 1159 1353 1232 dum
1374 1153 1414 1220 in

292 1243 339 1310 eia
361 1243 400 1308 fit
420 1243 491 1330 ipsa
514 1241 677 1329 sapientia
699 1261 785 1328 quae
807 1263 845 1304 ea
866 1240 1025 1324 facit3=et
1047 1241 1144 1304 causa
1166 1240 1202 1304 in
1219 1259 1285 1328 qua
1300 1255 1335 1302 et
1353 1259 1415 1324 per

248 1333 250 1341 ⁴
315 1351 392 1393 uam
416 1343 451 1392 et
474 1342 611 1392 aeterna
631 1341 667 1389 et
687 1325 775 1389 sacta
796 1325 875 1388 sunt
896 1323 932 1390 in
963 1323 1011 1388 eis
1027 1339 1168 1388 aeterna
1191 1339 1225 1388 et
1246 1324 1335 1386 facta
1357 1321 1413 1386 eil.

291 1351 333 1475 i).
366 1414 469 1476 Valde
499 1409 623 1484 miror,
659 1424 693 1472 et
721 1408 925 1494 stupefactus
954 1407 1062 1472 veluti
1085 1405 1247 1471 exanimis
1270 1409 1415 1469 haereo:

169 1531 173 1545 ‹
237 1551 244 1566 ,
290 1493 344 1560 hia
375 1486 468 1558 eniin
498 1491 688 1558 rationibus
719 1494 887 1566 attrahor,
923 1490 1085 1576 quoniam
1113 1489 1303 1556 verisimilia
1324 1491 1415 1564 [une

292 1593 327 1644 et
348 1578 516 1645 sacrorum
537 1591 673 1663 patrum
695 1573 893 1638 testimoniis
915 1575 1090 1660 sacraeque
1104 1573 1287 1660 scripturae
1303 1593 1415 1638 corro-

290 1665 419 1728 borata.
465 1661 532 1724 Sed
553 1659 678 1723 iterum
699 1669 824 1722 nutant
845 1660 1014 1730 retrahor,
1038 1679 1077 1722 ac
1097 1679 1178 1723 mox
1198 1656 1235 1720 in
1259 1659 1414 1721 tenebrae

255 1815 259 1822 p
294 1743 493 1808 densissimae
530 1739 768 1822 cognitionum
798 1762 949 1804 mearum
969 1743 1112 1804 relabor.
1154 1743 1234 1807 Non
1257 1740 1300 1806 est
1321 1739 1425 1804 enim'

293 1823 381 1888 aeica
413 1821 537 1886 mentia
570 1839 666 1882 meae
705 1821 747 1881 ad
768 1822 951 1904 praesentia
973 1823 1175 1906 quaestionis
1197 1822 1415 1889 altitudinem

291 1909 494 1972 intuendam
512 1899 717 1989 penitusque
733 1907 986 1986 penetrandam
990 1905 1124 1970 idonea.
1157 1906 1305 1974 audiens
1318 1905 1376 1994 qui

292 2011 338 2077 pe
358 1988 445 2052 illud
465 1991 522 2068 qui
532 1980 655 2087 fecssi
676 1987 828 2052 mundum
847 1987 891 2048 de
911 1991 1055 2050 materia
1075 1982 1231 2078 informi,·
1256 1999 1347 2060 non'
1391 1989 1417 2052 i·

293 2089 345 2138 ter
366 2069 557 2158 cogitabam
579 2067 641 2136 nrsr
662 2067 742 2154 quia
763 2071 911 2132 mundus
934 2069 1073 2134 visibilia
1098 2087 1132 2134 et
1148 2071 1347 2149 invifibilia‚
1372 2075 1415 2140 de

291 2155 433 2222 materia
462 2153 603 2221 informi
634 2173 736 2238 quam
765 2153 911 2218 deusde
934 2152 1075 2218 omnino
1097 2154 1207 2220 nihilo
1228 2155 1337 2220 veluti
1358 2164 1415 2221 au·

292 2239 437 2328 spiciunt
470 2240 641 2324 quoddam
662 2237 740 2300 suae
761 2235 968 2320 operationis
992 2235 1135 2312 creavit,
1173 2239 1283 2304 sactua
1304 2259 1415 2304 narra·

295 2339 366 2399 tur3
404 2336 441 2385 et
473 2335 543 2384 erat
573 2323 709 2406 quando
739 2318 844 2382 totius
873 2319 995 2382 mundi
1016 2319 1216 2386 universitas
1239 2343 1311 2388 non
1333 2339 1414 2388 erat.

294 2407 344 2472 dc
362 2423 424 2491 per
444 2406 511 2468 hoc
532 2399 570 2466 in
591 2399 785 2490 primordiis
808 2401 1017 2468 conditionis
1038 2405 1115 2469 suae
1138 2407 1180 2470 de
1202 2407 1345 2472 omuino
1361 2407 1413 2472 ni-

294 2487 367 2552 hilo
389 2485 427 2552 in
449 2486 631 2551 informem
652 2483 808 2573 proceffit
827 2485 1020 2551 materiem:
1043 2503 1078 2553 et
1097 2489 1198 2554 conse
1222 2505 1344 2556 uenter
1353 2513 1415 2577 per

318 2592 418 2638 encra
448 2583 483 2634 et
510 2569 634 2638 formae
666 2583 882 2666 caeterosque
903 2511 1319 2648 numeroanaturaieaad
1367 2597 1415 2640 er·

294 2595 481 2720 iectionem
504 2655 672 2739 quandam
694 2667 837 2716 creatori
857 2651 919 2716 soli
940 2653 1112 2740 cognitam
1132 2655 1297 2743 pervenit.
1376 2681 1415 2724 ec

295 2741 364 2802 boc
392 2757 453 2822 per
480 2738 627 2800 morulae
650 2751 842 2819 temporum
863 2736 992 2802 sactum
1013 2738 1109 2804 fuisse
1132 2761 1151 2803 a
1173 2741 1295 2804 Sancto
1318 2759 1416 2829 patre

224 2850 227 2858 ¹
296 2817 482 2908 Augustino
517 2817 554 2883 in
583 2821 770 2882 Hexamero
799 2818 859 2882 suo
892 2819 1024 2886 suasum
1055 2821 1109 2886 est.
1152 2825 1231 2888 Non
1260 2823 1413 2892 enimin

297 2921 452 2991 tempore
476 2901 650 2988 praecedit
671 2899 862 2966 informitas
884 2902 1048 2979 formam„
1079 2905 1136 2970 sed
1151 2907 1305 2978 naturali
1328 2909 1414 2974 ordi-

296 3009 362 3065 ne,
385 3006 453 3074 quo
476 2985 572 3050 causa
594 2983 770 3072 praevenit
791 2984 968 3062 effectum,
990 3011 1115 3075 nempe
1136 3011 1202 3054 vox
1221 3007 1255 3054 et
1272 2996 1412 3058 verbum

246 3107 251 3114 ·
296 3071 391 3138 timul
414 3091 455 3135 ex
477 3090 534 3134 ore
555 3067 727 3155 loquentia
748 3069 938 3154 prodeunt:
962 3086 997 3134 et
1017 3087 1129 3138 tamen
1152 3077 1328 3140 antevenit
1344 3098 1411 3140 vox

296 3157 460 3228 verbum,
483 3175 554 3217 non
576 3153 716 3238 quidem
737 3167 889 3237 tempore
910 3153 968 3218 sed
989 3157 1095 3220 causa.
1139 3161 1192 3222 De
1212 3179 1298 3224 voce
1320 3159 1411 3224 enim

295 3237 441 3316 efficitur
470 3237 629 3300 verbumt
664 3239 705 3300 de
736 3237 840 3300 verbo
864 3252 976 3302 autem
1000 3236 1222 3310 nullo'modo
1243 3264 1320 3307 vox.
1363 3245 1414 3308 lta

295 3343 409 3390 rerum
441 3317 595 3384 omnium
626 3317 816 3384 informitas
841 3334 875 3384 et
895 3321 1054 3392 formatio
1075 3338 1109 3386 et
1129 3325 1295 3410 perfectio
1316 3339 1414 3390 natu·

296 3403 358 3470 rali
382 3403 526 3489 quadarn
547 3399 755 3488 processione
776 3418 811 3466 et
830 3403 1022 3490 sequentia,
1042 3423 1242 3473 nouantem
1260 3425 1327 3474 tem
1354 3429 1414 3475 ore

294 3502 330 3552 et
349 3483 554 3560 intervallis,
590 3483 743 3551 distincte
763 3486 859 3551 simul
881 3488 1037 3554 et'seniel
1059 3493 1101 3556 de
1121 3490 1231 3557 nihilo
1253 3491 1290 3558 in
1357 3515 1415 3558 en·

295 3567 377 3634 tiam
398 3570 575 3634 voluntate
596 3569 754 3634 creatoris
780 3571 945 3636 adductae
966 3573 1063 3638 sunt:
1088 3578 1227 3640 ethaeo
1249 3591 1319 3640 erat
1334 3599 1411 3643 mea

288 3653 377 3720 ‘sidet
399 3673 542 3739 meaque
566 3654 865 3742 quantulacunque
885 3653 1122 3744 intelligentia.
1165 3661 1211 3724 tt
1237 3682 1332 3726 nunc
1355 3659 1412 3725 ali·

294 3751 345 3802 tor
366 3759 386 3802 r
408 3751 442 3802 te
465 3735 583 3813 audio,
607 3759 693 3824 quae
713 3738 861 3802 mrrltum
879 3755 1115 3817 memorent,
1139 3757 1173 3806 et
1194 3745 1233 3807 ab
1253 3743 1412 3831 hisquae

293 3823 459 3886 hactenus
482 3823 638 3886 tenebam
659 3820 811 3897 firmiter,
837 3837 877 3884 ut
893 3822 981 3889 mihi
1002 3823 1113 3890 iilum
1134 3827 1178 3891 est
1193 3826 1343 3892 invitum
1362 3851 1412 3893 re·

293 3919 430 3974 vocant.
471 3903 631 3970 Praesens
664 3903 756 3970 enim
787 3901 1024 3986 ratiocinatio,
1056 3925 1098 3974 ut
1116 3932 1210 3986 reor,
1245 3910 1295 3976 nil
1319 3911 1413 3980 aliud

292 3986 431 4054 videtur
457 3988 545 4054 velle
573 3989 731 4066 suadere,
765 3988 829 4054 nist
859 4011 897 4054 ea
928 4013 1015 4079 quae
1046 3996 1088 4059 de
1117 3994 1228 4061 nihilo
1250 3999 1412 4082 putabam

293 4071 357 4138 else
377 4071 485 4148 sacta,
508 4087 543 4137 et
562 4072 658 4136 nullo
677 4075 781 4139 modo
805 4087 959 4140 aeterna:
982 4093 1053 4142 erat
1074 4076 1165 4143 enim
1183 4083 1320 4168 qnando
1338 4077 1410 4144 n‘on

292 4171 409 4234 aaut.
430 4169 471 4224 ut
491 4154 690 4238 arbitrabar,
705 4171 753 4254 fae
771 4179 833 4246 per
853 4158 921 4226 boc
940 4177 1141 4249 acceperant
1158 4166 1341 4250 quodnon
1355 4165 1412 4227 ba·
