3038 4828
429 207 433 216 ¹
527 247 635 322 Liber
660 235 846 326 uerum
1138 249 1225 328 889

134 455 181 502 nc
205 435 315 502 ullum
335 454 458 523 corpur
477 433 551 502 vita
569 409 696 535 privari
715 435 883 504 intentum
909 432 946 524 ip
1037 455 1083 504 ne
1101 435 1220 520 vium.

109 459 847 688 ir⁸5:3²¹unfutsutruut
860 517 1224 690 pm

110 686 305 772 scripturae
326 685 461 768 favent3
493 689 631 762 herbar,
664 702 699 752 et
718 686 832 774 ligna,
861 701 1050 774 cunctaque
1073 689 1115 754 de
1136 703 1224 754 terra

110 767 258 836 orientia
287 767 402 834 vivere
432 768 642 836 affirmanter.
685 770 805 858 Neque
833 769 930 834 aliter
957 791 1071 836 rerum
1101 787 1231 855 natura·

108 851 200 918 fruit.
246 851 284 917 Si
305 852 394 918 enim
417 855 514 928 pulla
534 852 673 918 materia
694 852 755 928 est,
801 873 865 918 uae
885 853 954 918 fine
973 852 1140 941 specieco
1181 876 1223 922 ut

110 935 255 1011 efficiat,
288 951 323 1000 et
352 939 444 1002 nulla
474 935 599 1023 specics
620 937 689 1002 fine
709 876 887 1001 [obsiantia
908 935 1044 1025 propria
1064 937 1124 1003 snb
1176 937 1222 1015 ἰς

109 1019 205 1084 nulla
227 1034 339 1084 autem
362 1019 537 1084 substantia
556 1019 654 1084 vitali
674 1035 790 1102 motu,
813 1019 872 1107 qui
888 1041 962 1085 eam
979 1019 1165 1098 contineat,
1188 1036 1225 1088 ct

110 1101 277 1167 subsistere
300 1101 422 1177 faciat,
446 1124 561 1189 expers
584 1103 646 1167 effe
665 1103 789 1189 potest3
811 1108 924 1182 (omno
945 1103 1152 1192 enimquod
1165 1126 1225 1170 na·
1291 1122 1293 1137 ¹

108 1185 264 1250 ruraliter
292 1201 448 1249 movetur
484 1209 525 1250 ex
538 1183 622 1250 &vita
645 1189 788 1273 quadam
807 1202 920 1252 motus
943 1187 1225 1276 iui'principium

107 1267 252 1344 [umit;)
282 1268 461 1334 neceffario
494 1267 661 1356 sequitur,
694 1284 736 1334 ut
763 1267 874 1334 omnia
903 1284 1055 1337 creatura
1084 1287 1144 1336 aut
1162 1291 1225 1358 por

108 1351 250 1437 seipsam
271 1349 342 1415 vita
363 1353 425 1428 fit,
450 1367 509 1416 aut
528 1351 618 1416 vitae
638 1352 827 1450 particeps,
850 1366 885 1417 et
906 1355 1157 1439 quodammodo
1174 1353 1225 1419 vi·

108 1455 215 1510 vena,
239 1434 306 1498 five
327 1433 364 1500 in
388 1456 426 1500 ea
447 1449 560 1500 motua
578 1434 669 1500 ritae
686 1436 860 1535 manrfcstp
876 1451 1051 1534 appareat,
1071 1439 1139 1502 five
1151 1457 1225 1503 non

110 1533 287 1616 appareat:
308 1533 530 1584 veruntamen
554 1521 698 1584 latenter
720 1519 938 1586 administrari
959 1541 1021 1606 per
1035 1519 1141 1586 vitam
1154 1521 1226 1608 ipe·
1332 1581 1336 1594 ,

112 1622 183 1666 creo
213 1599 283 1686 ipsa
306 1601 465 1667 ienfibilia
487 1599 626 1666 indicat.
669 1599 759 1668 Au'di
778 1601 995 1702 Augrpliinum
1016 1601 1054 1667 in
1073 1603 1160 1669 libro
1183 1604 1226 1668 do

109 1705 191 1749 vera
227 1685 288 1748 reli
314 1684 403 1750 ione.
461 1684 523 1760 „si
552 1685 741 1772 quaeritur,
778 1686 911 1775 inquit,
942 1685 1017 1773 quio
1045 1683 1228 1752 instituerit

112 1787 255 1854 corpus,
279 1708 338 1832 iile
359 1784 537 1854 quaeratur
556 1767 615 1855 qui
633 1770 677 1833 est
693 1769 848 1835 omniurn
863 1765 1124 1856 speoiofiffimuo.
1145 1769 1227 1858 Oru-

111 1849 166 1914 nia
189 1849 280 1916 enim
301 1852 427 1937 species
450 1850 569 1916 abillo
592 1851 655 1928 οὓς
681 1852 756 1938 quia
777 1868 891 1918 autem
913 1852 957 1917 est
978 1851 1120 1920 hiunifi
1134 1873 1226 1918 unua

112 1935 224 2008 Deus,
258 1956 327 1996 nna
353 1933 497 2010 veritat,
533 1955 600 1996 una
622 1934 708 1998 salua
730 1934 902 2012 omnium,
939 1950 974 2000 et
1018 1934 1104 2000 rima
1123 1951 1226 2023 atque

110 2016 239 2082 summa
261 2015 412 2091 edentia,
437 2038 477 2079 ex
497 2037 563 2102 qua
585 2016 629 2079 est
650 2037 770 2091 omne,
794 2017 958 2114 quicquid
979 1959 1039 2094 eii,
1062 2017 1099 2082 in
1121 2039 1227 2106 quan·

111 2114 185 2164 tum
208 2098 275 2164 esti
310 2097 388 2186 quia
410 2095 446 2162 in
472 2113 636 2184 quantum
659 2097 719 2174 est,
755 2119 835 2185 qurc
858 2102 920 2163 tud
939 2099 985 2163 est
1006 2102 1138 2179 bonum
1161 2100 1224 2176 cst;
1305 2167 1310 2178 ,

112 2198 148 2248 et
167 2181 246 2246 ideo
269 2204 309 2246 ex
331 2185 404 2246 Deo
426 2201 498 2248 non
520 2179 564 2244 est
583 2201 683 2246 mora.
718 2181 806 2244 Nam
827 2121 911 2246 ica
933 2203 1019 2280 quae
1032 2181 1227 2248 moriuntur

137 2265 250 2330 enitua
281 2279 509 2340 morerentur,
540 2267 583 2328 ad
603 2262 749 2328 nihilum
771 2262 839 2328 srne
863 2266 966 2330 dubio
987 2264 1224 2352 pervenirent3

111 2289 171 2414 ico
192 2364 325 2414 tantum
345 2345 696 2435 moriuntur‚'quauto
710 2345 824 2412 minua
839 2347 994 2429 effentiae
1007 2347 1226 2437 participant.
1316 2420 1320 2425 ,

113 2433 218 2518 Quod
254 2429 390 2496 brevius
417 2427 466 2494 ita
494 2429 574 2496 dici·
597 2429 720 2516 potest,
760 2444 855 2495 tanto
884 2430 991 2519 magia
1019 2431 1224 2508 moriuntur.

112 2531 241 2604 quinto
262 2515 375 2580 minua
397 2515 486 2578 sunt.
531 2514 664 2600 Corpus
685 2528 799 2578 autem
818 2511 932 2579 minna
954 2515 1015 2592 cst,
1039 2537 1141 2603 quam
1153 2513 1226 2582 viu
1257 2549 1259 2554 ¹

112 2599 301 2688 quaelibet.
337 2597 497 2684 quoniam
526 2597 864 2684 quantulumcunque
893 2612 1008 2662 manet
1034 2597 1074 2662 in
1103 2597 1224 2685 specie,

112 2705 175 2771 per
203 2681 308 2746 vitam
337 2696 470 2756 manet3
506 2679 572 2744 five
629 2702 672 2744 ua
692 2681 960 2768 unumquodque
982 2679 1126 2757 animal,
1156 2681 1227 2746 five

110 2787 180 2854 qua·
201 2764 357 2832 universa
379 2780 498 2828 natura
518 2702 640 2827 munii
663 2763 940 2830 administratur.”
972 2765 1019 2828 Ut
1038 2763 1132 2829 enim
1150 2763 1227 2829 nul·

111 2852 186 2915 lum
208 2870 330 2936 corpus
352 2847 411 2919 est,
435 2847 527 2934 quod
547 2844 683 2932 propria
704 2845 815 2932 [pecie
837 2867 909 2922 non
931 2845 1144 2922 contineturt
1176 2845 1227 2914 ita

113 2933 209 3000 nulla
230 2929 356 3018 species
378 2929 440 3011 eii,
476 2949 561 3015 quae
582 2927 771 3015 cujuspiam
791 2925 882 2994 vitae
901 2927 1029 2994 virtute
1048 2950 1121 2994 non
1140 2925 1228 3018 regi·

113 3032 179 3080 tur.
222 3015 370 3080 Proinde
390 3014 414 3078 fi
436 3015 550 3085 omnia
571 3031 711 3097 corpora
729 3011 927 3080 naturaliter
948 3011 1136 3098 constituta
1147 3033 1228 3100 qua·

115 3103 193 3164 dam
215 3097 324 3186 specie
345 3095 435 3160 vitae
457 3093 747 3174 administrantur,
771 3093 949 3182 omniaque
969 3093 1097 3182 speciei
1142 3114 1226 3161 cnut

114 3183 213 3250 tuum
229 3179 368 3268 appetit,
386 3201 487 3245 omne
502 3193 613 3243 autem
632 3199 739 3264 genua
760 3199 780 3242 a
795 3175 1034 3276 generuliffima
1048 3178 1108 3242 sub
1135 3175 1228 3244 antia

117 3265 284 3352 originem
308 3262 422 3344 ducit3
452 3283 588 3326 ornnem
609 3259 755 3348 speciem
777 3277 888 3338 vitae,
911 3281 996 3349 quac
1020 3259 1229 3327 diversoum

115 3369 296 3435 corpomm
310 3346 581 3411 numerositatem
597 3345 763 3421 continet,
778 3347 821 3410 ad
833 3340 1109 3432 generaliffinrum
1123 3363 1228 3432 quan·

119 3435 194 3498 dam
216 3431 321 3496 vitam
342 3449 511 3494 recurrere
531 3429 660 3492 necciie
683 3427 743 3502 est,
766 3431 862 3508 cuiun
883 3426 1174 3528 participationes
1195 3447 1228 3493 c·
1359 3457 1366 3470 ·

116 3515 279 3581 cificatur.
322 3515 415 3578 Haeo
447 3527 560 3582 autem
590 3509 831 3598 generaliffima
857 3527 948 3587 vita,
980 3451 1228 3598 asapientiiuo
1310 3549 1314 3562 ·

114 3599 230 3679 mundi
258 3592 531 3662 universaliiiima
559 3599 690 3670 anima,
723 3609 836 3660 totum
857 3595 950 3682 quod
969 3591 1059 3660 intra
1079 3592 1228 3661 coelestio

116 3681 135 3746 s
154 3673 280 3748 haemi
294 3677 459 3746 ambitum
480 3673 779 3776 conprehenditur
802 3699 864 3826 per
886 3675 1014 3825 speciei
1034 3675 1108 3742 suaa
1128 3673 1230 3744 mini·
1344 3716 1347 3745 ι

159 3787 240 3840 ana,
262 3773 432 3829 uocatur:
466 3761 604 3828 divinae
626 3781 710 3827 vero
743 3761 800 3849 sop
827 3781 881 3826 rae
916 3761 1125 3859 peculatoret
1143 3781 1229 3844 copt-

117 3869 245 3914 munem
263 3850 370 3912 vitam
394 3845 583 3934 appellant3
603 3867 693 3994 pluto
713 3845 795 3911 dum
813 3843 855 3910 fit
873 3857 1043 3944 particeps
1063 3842 1155 3910 illinc
1178 3841 1229 3909 vi·

104 3947 174 3997 tac
205 3950 290 4027 quae
303 3952 371 4076 per
390 3931 425 3995 se
444 3927 601 4026 substanti
636 3929 668 4026 ic·
686 3927 753 4026 eii..
782 3925 960 4026 omnisque
980 3941 1072 3993 vitae
1093 3927 1172 4026 {opo
1195 3939 1231 3992 et

107 4027 281 4088 -creatnx,
317 4011 369 4078 uia
392 4011 612 4080 divifiombuc
633 4011 815 4076 vrfibrlrum
833 4025 940 4090 ratae,
960 4013 1055 4092 iuxta
1075 4013 1229 4086 divinam

118 4093 390 4172 ordinationem,
413 4093 601 4182 diliribui13
624 4095 910 4184 quemadmodum
929 4095 986 4161 Sol
1007 4093 1066 4158 iste
1083 4093 1229 4160 senfibru
1359 4087 1362 4098 '

119 4195 225 4250 notua
253 4175 366 4246 radica
393 4177 469 4246 tuos
498 4177 625 4270 ubique
648 4177 827 4245 diffundit:
860 4192 1066 4282 nontamen
1086 4175 1135 4244 itt
1155 4169 1229 4241 viti

721 4347 725 4356 .
740 4298 778 4363 19
