<?xml version="1.0" encoding="UTF-8"?>
<!DOCTYPE html PUBLIC "-//W3C//DTD XHTML 1.0 Transitional//EN"
    "http://www.w3.org/TR/xhtml1/DTD/xhtml1-transitional.dtd">
<html xmlns="http://www.w3.org/1999/xhtml" xml:lang="en" lang="en">
 <head>
  <title>
</title>
<meta http-equiv="Content-Type" content="text/html;charset=utf-8" />
  <meta name='ocr-system' content='tesseract 3.04.00' />
  <meta name='ocr-capabilities' content='ocr_page ocr_carea ocr_par ocr_line ocrx_word'/>
</head>
<body>
  <div class='ocr_page' id='page_1' title='image "./dedivisionenatu00eriggoog_0395.png"; bbox 0 0 3036 4862; ppageno 0'>
   <div class='ocr_carea' id='block_1_1' title="bbox 184 2636 1309 2723">
    <p class='ocr_par' dir='ltr' id='par_1_1' title="bbox 184 2636 1309 2723">
     <span class='ocr_line' id='line_1_1' title="bbox 184 2636 1309 2723; baseline 0.002 -23"><span class='ocrx_word' id='word_1_1' title='bbox 184 2677 193 2700; x_wconf 82' lang='grc'><strong>.</strong></span> <span class='ocrx_word' id='word_1_2' title='bbox 286 2639 367 2698; x_wconf 92' lang='lat' dir='ltr'><strong>dum</strong></span> <span class='ocrx_word' id='word_1_3' title='bbox 390 2637 518 2700; x_wconf 89' lang='lat' dir='ltr'><strong>bonum</strong></span> <span class='ocrx_word' id='word_1_4' title='bbox 540 2637 625 2700; x_wconf 91' lang='lat' dir='ltr'><strong>illud</strong></span> <span class='ocrx_word' id='word_1_5' title='bbox 649 2636 702 2700; x_wconf 81' lang='lat' dir='ltr'><strong>all.</strong></span> <span class='ocrx_word' id='word_1_6' title='bbox 734 2638 843 2723; x_wconf 87' lang='lat' dir='ltr'><strong>Magia</strong></span> <span class='ocrx_word' id='word_1_7' title='bbox 867 2652 978 2701; x_wconf 87' lang='lat' dir='ltr'><strong>autern</strong></span> <span class='ocrx_word' id='word_1_8' title='bbox 1003 2636 1114 2701; x_wconf 85' lang='lat' dir='ltr'><strong>omnir</strong></span> <span class='ocrx_word' id='word_1_9' title='bbox 1136 2636 1219 2701; x_wconf 92' lang='lat' dir='ltr'><strong>boni</strong></span> <span class='ocrx_word' id='word_1_10' title='bbox 1237 2637 1309 2702; x_wconf 88' lang='lat' dir='ltr'><strong>inte</strong></span> 
     </span>
    </p>
   </div>
   <div class='ocr_carea' id='block_1_2' title="bbox 262 275 1049 390">
    <p class='ocr_par' dir='ltr' id='par_1_2' title="bbox 262 275 1049 390">
     <span class='ocr_line' id='line_1_2' title="bbox 262 275 1049 390; baseline -0.006 -37"><span class='ocrx_word' id='word_1_11' title='bbox 262 275 365 355; x_wconf 72' lang='lat'><strong>&#39;368</strong></span> <span class='ocrx_word' id='word_1_12' title='bbox 597 280 653 352; x_wconf 82' lang='lat' dir='ltr'><strong>lle</strong></span> <span class='ocrx_word' id='word_1_13' title='bbox 673 278 864 386; x_wconf 76' lang='lat' dir='ltr'><strong>lllrt&#39;rt&#39;oaa¹</strong></span> <span class='ocrx_word' id='word_1_14' title='bbox 875 279 1049 390; x_wconf 68' lang='lat' dir='ltr'><strong>Neaerae.</strong></span> 
     </span>
    </p>
   </div>
   <div class='ocr_carea' id='block_1_3' title="bbox 206 463 1409 3154">
    <p class='ocr_par' dir='ltr' id='par_1_3' title="bbox 206 463 1409 2702">
     <span class='ocr_line' id='line_1_3' title="bbox 286 463 1408 556; baseline -0.003 -24"><span class='ocrx_word' id='word_1_15' title='bbox 286 465 424 556; x_wconf 85' lang='lat' dir='ltr'><strong>quidem</strong></span> <span class='ocrx_word' id='word_1_16' title='bbox 445 465 579 546; x_wconf 83' lang='lat' dir='ltr'><strong>dicent,</strong></span> <span class='ocrx_word' id='word_1_17' title='bbox 605 463 685 554; x_wconf 84' lang='lat' dir='ltr'><strong>qula</strong></span> <span class='ocrx_word' id='word_1_18' title='bbox 707 465 789 534; x_wconf 84' lang='lat' dir='ltr'><strong>lecit</strong></span> <span class='ocrx_word' id='word_1_19' title='bbox 810 467 903 532; x_wconf 84' lang='lat' dir='ltr'><strong>Deua</strong></span> <span class='ocrx_word' id='word_1_20' title='bbox 925 463 1099 530; x_wconf 84' lang='lat' dir='ltr'><strong>hominem</strong></span> <span class='ocrx_word' id='word_1_21' title='bbox 1118 463 1304 530; x_wconf 70' lang='lat' dir='ltr'><strong>[mundum</strong></span> <span class='ocrx_word' id='word_1_22' title='bbox 1319 463 1408 530; x_wconf 80' lang='lat' dir='ltr'><strong>ima·</strong></span> 
     </span>
     <span class='ocr_line' id='line_1_4' title="bbox 284 547 1409 640; baseline -0.002 -26"><span class='ocrx_word' id='word_1_23' title='bbox 284 552 399 640; x_wconf 84' lang='lat' dir='ltr'><strong>ginem</strong></span> <span class='ocrx_word' id='word_1_24' title='bbox 433 549 498 614; x_wconf 88' lang='lat' dir='ltr'><strong>Dei</strong></span> <span class='ocrx_word' id='word_1_25' title='bbox 531 548 614 616; x_wconf 87' lang='lat' dir='ltr'><strong>fecit</strong></span> <span class='ocrx_word' id='word_1_26' title='bbox 644 555 740 618; x_wconf 63' lang='lat' dir='ltr'><strong>eum?</strong></span> <span class='ocrx_word' id='word_1_27' title='bbox 775 553 901 615; x_wconf 87' lang='lat' dir='ltr'><strong>lterum</strong></span> <span class='ocrx_word' id='word_1_28' title='bbox 924 557 1006 615; x_wconf 78' lang='lat' dir='ltr'><strong>&#39;vero</strong></span> <span class='ocrx_word' id='word_1_29' title='bbox 1027 549 1081 614; x_wconf 82' lang='lat' dir='ltr'><strong>hia</strong></span> <span class='ocrx_word' id='word_1_30' title='bbox 1102 547 1301 638; x_wconf 56' lang='lat' dir='ltr'><strong>quaedictu</strong></span> <span class='ocrx_word' id='word_1_31' title='bbox 1324 547 1409 612; x_wconf 84' lang='lat' dir='ltr'><strong>lunt</strong></span> 
     </span>
     <span class='ocr_line' id='line_1_5' title="bbox 285 631 1408 718; baseline -0.002 -18"><span class='ocrx_word' id='word_1_32' title='bbox 285 637 433 709; x_wconf 83' lang='lat' dir='ltr'><strong>addent,</strong></span> <span class='ocrx_word' id='word_1_33' title='bbox 493 633 550 699; x_wconf 88' lang='lat' dir='ltr'><strong>nia</strong></span> <span class='ocrx_word' id='word_1_34' title='bbox 577 635 765 700; x_wconf 78' lang='lat' dir='ltr'><strong>marculum</strong></span> <span class='ocrx_word' id='word_1_35' title='bbox 796 649 831 698; x_wconf 90' lang='lat' dir='ltr'><strong>et</strong></span> <span class='ocrx_word' id='word_1_36' title='bbox 865 631 1049 698; x_wconf 80' lang='lat' dir='ltr'><strong>foeminam</strong></span> <span class='ocrx_word' id='word_1_37' title='bbox 1079 631 1162 696; x_wconf 82' lang='lat' dir='ltr'><strong>lecit</strong></span> <span class='ocrx_word' id='word_1_38' title='bbox 1183 649 1252 698; x_wconf 83' lang='lat' dir='ltr'><strong>eoa.</strong></span> <span class='ocrx_word' id='word_1_39' title='bbox 1297 633 1408 718; x_wconf 83' lang='lat' dir='ltr'><strong>Quod</strong></span> 
     </span>
     <span class='ocr_line' id='line_1_6' title="bbox 285 713 1408 805; baseline -0.002 -23"><span class='ocrx_word' id='word_1_40' title='bbox 285 719 478 782; x_wconf 88' lang='lat' dir='ltr'><strong>alienume</strong></span> <span class='ocrx_word' id='word_1_41' title='bbox 523 721 564 782; x_wconf 81' lang='lat' dir='ltr'><strong>ab</strong></span> <span class='ocrx_word' id='word_1_42' title='bbox 585 717 638 784; x_wconf 85' lang='lat' dir='ltr'><strong>laia</strong></span> <span class='ocrx_word' id='word_1_43' title='bbox 664 739 750 805; x_wconf 87' lang='lat' dir='ltr'><strong>quae</strong></span> <span class='ocrx_word' id='word_1_44' title='bbox 772 719 815 782; x_wconf 87' lang='lat' dir='ltr'><strong>de</strong></span> <span class='ocrx_word' id='word_1_45' title='bbox 835 713 909 782; x_wconf 83' lang='lat' dir='ltr'><strong>Deo</strong></span> <span class='ocrx_word' id='word_1_46' title='bbox 931 715 1180 803; x_wconf 88' lang='lat' dir='ltr'><strong>intelliguntur.</strong></span> <span class='ocrx_word' id='word_1_47' title='bbox 1212 717 1287 804; x_wconf 85' lang='lat' dir='ltr'><strong>Ego</strong></span> <span class='ocrx_word' id='word_1_48' title='bbox 1309 715 1408 780; x_wconf 87' lang='lat' dir='ltr'><strong>enim</strong></span> 
     </span>
     <span class='ocr_line' id='line_1_7' title="bbox 220 797 1408 890; baseline 0 -24"><span class='ocrx_word' id='word_1_49' title='bbox 220 867 223 877; x_wconf 75' lang='grc'>,</span> <span class='ocrx_word' id='word_1_50' title='bbox 286 801 429 866; x_wconf 80' lang='lat' dir='ltr'><strong>arbitror</strong></span> <span class='ocrx_word' id='word_1_51' title='bbox 449 823 605 890; x_wconf 88' lang='lat' dir='ltr'><strong>magnam</strong></span> <span class='ocrx_word' id='word_1_52' title='bbox 628 805 795 889; x_wconf 80' lang='lat' dir='ltr'><strong>quandam</strong></span> <span class='ocrx_word' id='word_1_53' title='bbox 819 801 978 866; x_wconf 83' lang='lat' dir='ltr'><strong>arcellam</strong></span> <span class='ocrx_word' id='word_1_54' title='bbox 1003 821 1046 863; x_wconf 90' lang='lat' dir='ltr'><strong>ue</strong></span> <span class='ocrx_word' id='word_1_55' title='bbox 1078 797 1266 864; x_wconf 85' lang='lat' dir='ltr'><strong>doctrinam</strong></span> <span class='ocrx_word' id='word_1_56' title='bbox 1288 817 1328 863; x_wconf 86' lang='lat' dir='ltr'><strong>ex</strong></span> <span class='ocrx_word' id='word_1_57' title='bbox 1350 799 1408 866; x_wconf 86' lang='lat' dir='ltr'><strong>hia</strong></span> 
     </span>
     <span class='ocr_line' id='line_1_8' title="bbox 286 873 1407 972; baseline 0.001 -25"><span class='ocrx_word' id='word_1_58' title='bbox 286 907 372 972; x_wconf 89' lang='lat' dir='ltr'><strong>qnae</strong></span> <span class='ocrx_word' id='word_1_59' title='bbox 402 885 492 950; x_wconf 87' lang='lat' dir='ltr'><strong>dicta</strong></span> <span class='ocrx_word' id='word_1_60' title='bbox 523 885 619 959; x_wconf 86' lang='lat' dir='ltr'><strong>sunt,</strong></span> <span class='ocrx_word' id='word_1_61' title='bbox 654 885 816 971; x_wconf 83' lang='lat' dir='ltr'><strong>scriptura</strong></span> <span class='ocrx_word' id='word_1_62' title='bbox 846 885 944 950; x_wconf 85' lang='lat' dir='ltr'><strong>tradi.</strong></span> <span class='ocrx_word' id='word_1_63' title='bbox 1022 873 1082 950; x_wconf 83' lang='lat' dir='ltr'><strong>alia</strong></span> <span class='ocrx_word' id='word_1_64' title='bbox 1110 898 1223 948; x_wconf 85' lang='lat' dir='ltr'><strong>autem</strong></span> <span class='ocrx_word' id='word_1_65' title='bbox 1246 883 1407 948; x_wconf 83' lang='lat' dir='ltr'><strong>doctrina</strong></span> 
     </span>
     <span class='ocr_line' id='line_1_9' title="bbox 226 963 1408 1056; baseline 0 -24"><span class='ocrx_word' id='word_1_66' title='bbox 226 1013 230 1024; x_wconf 75' lang='lat'><em>.</em></span> <span class='ocrx_word' id='word_1_67' title='bbox 287 970 340 1032; x_wconf 81' lang='lat' dir='ltr'><strong>etr.</strong></span> <span class='ocrx_word' id='word_1_68' title='bbox 385 971 539 1034; x_wconf 90' lang='lat' dir='ltr'><strong>Duorum</strong></span> <span class='ocrx_word' id='word_1_69' title='bbox 566 972 778 1054; x_wconf 83' lang='lat' dir='ltr'><strong>quorundam</strong></span> <span class='ocrx_word' id='word_1_70' title='bbox 808 989 870 1056; x_wconf 72' lang='grc' dir='ltr'><strong>ρετ</strong></span> <span class='ocrx_word' id='word_1_71' title='bbox 892 967 1136 1051; x_wconf 68' lang='lat' dir='ltr'><strong>extremitatem</strong></span> <span class='ocrx_word' id='word_1_72' title='bbox 1158 989 1176 1030; x_wconf 85' lang='lat' dir='ltr'><strong>a</strong></span> <span class='ocrx_word' id='word_1_73' title='bbox 1199 967 1231 1030; x_wconf 83' lang='lat' dir='ltr'><strong>le</strong></span> <span class='ocrx_word' id='word_1_74' title='bbox 1253 963 1408 1032; x_wconf 81' lang='lat' dir='ltr'><strong>invicem</strong></span> 
     </span>
     <span class='ocr_line' id='line_1_10' title="bbox 287 1043 1409 1126; baseline 0 -12"><span class='ocrx_word' id='word_1_75' title='bbox 287 1051 479 1126; x_wconf 76' lang='lat' dir='ltr'><strong>distantium</strong></span> <span class='ocrx_word' id='word_1_76' title='bbox 513 1053 662 1116; x_wconf 88' lang='lat' dir='ltr'><strong>rn&#39;edium</strong></span> <span class='ocrx_word' id='word_1_77' title='bbox 694 1043 738 1117; x_wconf 85' lang='lat' dir='ltr'><strong>cll</strong></span> <span class='ocrx_word' id='word_1_78' title='bbox 766 1051 976 1124; x_wconf 79' lang='lat' dir='ltr'><strong>humaniter.</strong></span> <span class='ocrx_word' id='word_1_79' title='bbox 1014 1050 1150 1116; x_wconf 82' lang='lat' dir='ltr'><strong>divinae</strong></span> <span class='ocrx_word' id='word_1_80' title='bbox 1173 1049 1332 1114; x_wconf 83' lang='lat' dir='ltr'><strong>videlicet</strong></span> <span class='ocrx_word' id='word_1_81' title='bbox 1353 1045 1409 1114; x_wconf 89' lang='lat' dir='ltr'><strong>in·</strong></span> 
     </span>
     <span class='ocr_line' id='line_1_11' title="bbox 286 1131 1405 1222; baseline -0.002 -24"><span class='ocrx_word' id='word_1_82' title='bbox 286 1135 536 1222; x_wconf 76' lang='lat' dir='ltr'><strong>corporalisque¹</strong></span> <span class='ocrx_word' id='word_1_83' title='bbox 557 1151 713 1210; x_wconf 84' lang='lat' dir='ltr'><strong>naturae.</strong></span> <span class='ocrx_word' id='word_1_84' title='bbox 738 1148 771 1200; x_wconf 86' lang='lat' dir='ltr'><strong>et</strong></span> <span class='ocrx_word' id='word_1_85' title='bbox 790 1133 1031 1202; x_wconf 85' lang='lat' dir='ltr'><strong>irrationabilia</strong></span> <span class='ocrx_word' id='word_1_86' title='bbox 1045 1131 1286 1220; x_wconf 73' lang='lat' dir='ltr'><strong>pecudalisque</strong></span> <span class='ocrx_word' id='word_1_87' title='bbox 1299 1133 1405 1197; x_wconf 78' lang='lat' dir='ltr'><strong>vitae.</strong></span> 
     </span>
     <span class='ocr_line' id='line_1_12' title="bbox 287 1217 1408 1316; baseline -0.002 -34"><span class='ocrx_word' id='word_1_88' title='bbox 287 1217 385 1282; x_wconf 86' lang='lat' dir='ltr'><strong>Licet</strong></span> <span class='ocrx_word' id='word_1_89' title='bbox 417 1219 713 1306; x_wconf 82' lang='lat' dir='ltr'><strong>enimutrumque</strong></span> <span class='ocrx_word' id='word_1_90' title='bbox 732 1219 982 1306; x_wconf 89' lang='lat' dir='ltr'><strong>praedictorum</strong></span> <span class='ocrx_word' id='word_1_91' title='bbox 1004 1217 1041 1282; x_wconf 91' lang='lat' dir='ltr'><strong>in</strong></span> <span class='ocrx_word' id='word_1_92' title='bbox 1063 1219 1211 1282; x_wconf 87' lang='lat' dir='ltr'><strong>humana</strong></span> <span class='ocrx_word' id='word_1_93' title='bbox 1233 1235 1408 1316; x_wconf 86' lang='lat' dir='ltr'><strong>compara·</strong></span> 
     </span>
     <span class='ocr_line' id='line_1_13' title="bbox 285 1297 1407 1389; baseline 0.001 -26"><span class='ocrx_word' id='word_1_94' title='bbox 285 1301 380 1367; x_wconf 86' lang='lat' dir='ltr'><strong>tione</strong></span> <span class='ocrx_word' id='word_1_95' title='bbox 402 1305 618 1368; x_wconf 72' lang='lat' dir='ltr'><strong>considerare.</strong></span> <span class='ocrx_word' id='word_1_96' title='bbox 676 1303 872 1368; x_wconf 88' lang='lat' dir='ltr'><strong>Portionem</strong></span> <span class='ocrx_word' id='word_1_97' title='bbox 897 1302 1034 1389; x_wconf 91' lang='lat' dir='ltr'><strong>quidem</strong></span> <span class='ocrx_word' id='word_1_98' title='bbox 1057 1300 1121 1364; x_wconf 89' lang='lat' dir='ltr'><strong>Dei</strong></span> <span class='ocrx_word' id='word_1_99' title='bbox 1144 1303 1237 1388; x_wconf 89' lang='lat' dir='ltr'><strong>quod</strong></span> <span class='ocrx_word' id='word_1_100' title='bbox 1257 1297 1407 1364; x_wconf 73' lang='lat' dir='ltr'><strong>rationa-</strong></span> 
     </span>
     <span class='ocr_line' id='line_1_14' title="bbox 221 1384 1409 1474; baseline -0.005 -20"><span class='ocrx_word' id='word_1_101' title='bbox 221 1444 226 1454; x_wconf 88' lang='lat'><em>.</em></span> <span class='ocrx_word' id='word_1_102' title='bbox 285 1385 353 1449; x_wconf 88' lang='lat' dir='ltr'><strong>bile</strong></span> <span class='ocrx_word' id='word_1_103' title='bbox 378 1387 421 1450; x_wconf 84' lang='lat' dir='ltr'><strong>est</strong></span> <span class='ocrx_word' id='word_1_104' title='bbox 442 1403 474 1450; x_wconf 88' lang='lat' dir='ltr'><strong>at</strong></span> <span class='ocrx_word' id='word_1_105' title='bbox 500 1409 543 1451; x_wconf 93' lang='lat' dir='ltr'><strong>ue</strong></span> <span class='ocrx_word' id='word_1_106' title='bbox 564 1385 814 1463; x_wconf 84' lang='lat' dir='ltr'><strong>intellectuale,</strong></span> <span class='ocrx_word' id='word_1_107' title='bbox 839 1391 1048 1474; x_wconf 61' lang='lat' dir='ltr'><strong>quodsjuxta</strong></span> <span class='ocrx_word' id='word_1_108' title='bbox 1070 1386 1257 1449; x_wconf 81' lang='lat' dir='ltr'><strong>marculum</strong></span> <span class='ocrx_word' id='word_1_109' title='bbox 1280 1399 1314 1448; x_wconf 88' lang='lat' dir='ltr'><strong>et</strong></span> <span class='ocrx_word' id='word_1_110' title='bbox 1335 1384 1409 1448; x_wconf 88' lang='lat' dir='ltr'><strong>foe·</strong></span> 
     </span>
     <span class='ocr_line' id='line_1_15' title="bbox 206 1409 1408 1547; baseline 0.001 -16"><span class='ocrx_word' id='word_1_111' title='bbox 206 1469 209 1474; x_wconf 83' lang='lat'>&#39;</span> <span class='ocrx_word' id='word_1_112' title='bbox 234 1507 240 1518; x_wconf 89' lang='lat'><strong>·</strong></span> <span class='ocrx_word' id='word_1_113' title='bbox 285 1468 413 1535; x_wconf 85' lang='lat' dir='ltr'><strong>minam</strong></span> <span class='ocrx_word' id='word_1_114' title='bbox 439 1409 665 1536; x_wconf 62' lang='lat' dir='ltr'><strong>diierentiam</strong></span> <span class='ocrx_word' id='word_1_115' title='bbox 685 1491 756 1536; x_wconf 92' lang='lat' dir='ltr'><strong>non</strong></span> <span class='ocrx_word' id='word_1_116' title='bbox 775 1470 942 1547; x_wconf 69' lang='lat' dir='ltr'><strong>admittita</strong></span> <span class='ocrx_word' id='word_1_117' title='bbox 965 1467 1205 1533; x_wconf 83' lang='lat' dir='ltr'><strong>irrationabilia</strong></span> <span class='ocrx_word' id='word_1_118' title='bbox 1216 1485 1310 1542; x_wconf 79' lang='lat' dir='ltr'><strong>vero,</strong></span> <span class='ocrx_word' id='word_1_119' title='bbox 1332 1487 1408 1532; x_wconf 89' lang='lat' dir='ltr'><strong>eor·</strong></span> 
     </span>
     <span class='ocr_line' id='line_1_16' title="bbox 283 1551 1408 1698; baseline 0.001 -83"><span class='ocrx_word' id='word_1_120' title='bbox 283 1554 434 1698; x_wconf 88' lang='lat' dir='ltr'><strong>poralem</strong></span> <span class='ocrx_word' id='word_1_121' title='bbox 457 1553 733 1619; x_wconf 84' lang='lat' dir='ltr'><strong>constitutionem</strong></span> <span class='ocrx_word' id='word_1_122' title='bbox 758 1569 792 1616; x_wconf 90' lang='lat' dir='ltr'><strong>et</strong></span> <span class='ocrx_word' id='word_1_123' title='bbox 814 1552 1080 1640; x_wconf 79' lang='lat' dir='ltr'><strong>duplicationem</strong></span> <span class='ocrx_word' id='word_1_124' title='bbox 1102 1551 1139 1615; x_wconf 93' lang='lat' dir='ltr'><strong>in</strong></span> <span class='ocrx_word' id='word_1_125' title='bbox 1159 1553 1348 1615; x_wconf 79' lang='lat' dir='ltr'><strong>marculum</strong></span> <span class='ocrx_word' id='word_1_126' title='bbox 1370 1565 1408 1616; x_wconf 87' lang='lat' dir='ltr'><strong>et</strong></span> 
     </span>
     <span class='ocr_line' id='line_1_17' title="bbox 301 1633 1407 1702; baseline 0.001 -3"><span class='ocrx_word' id='word_1_127' title='bbox 301 1637 469 1702; x_wconf 83' lang='lat' dir='ltr'><strong>neminum</strong></span> <span class='ocrx_word' id='word_1_128' title='bbox 517 1636 661 1702; x_wconf 89' lang='lat' dir='ltr'><strong>artitam.</strong></span> <span class='ocrx_word' id='word_1_129' title='bbox 704 1639 824 1700; x_wconf 87' lang='lat' dir='ltr'><strong>Utrum</strong></span> <span class='ocrx_word' id='word_1_130' title='bbox 850 1657 893 1701; x_wconf 89' lang='lat' dir='ltr'><strong>ue</strong></span> <span class='ocrx_word' id='word_1_131' title='bbox 913 1640 1034 1700; x_wconf 79' lang='lat' dir='ltr'><strong>horum</strong></span> <span class='ocrx_word' id='word_1_132' title='bbox 1058 1635 1101 1700; x_wconf 79' lang='lat' dir='ltr'><strong>est</strong></span> <span class='ocrx_word' id='word_1_133' title='bbox 1122 1633 1266 1700; x_wconf 87' lang='lat' dir='ltr'><strong>omnino</strong></span> <span class='ocrx_word' id='word_1_134' title='bbox 1279 1633 1316 1698; x_wconf 93' lang='lat' dir='ltr'><strong>in</strong></span> <span class='ocrx_word' id='word_1_135' title='bbox 1333 1655 1407 1700; x_wconf 84' lang='lat' dir='ltr'><strong>om·</strong></span> 
     </span>
     <span class='ocr_line' id='line_1_18' title="bbox 284 1659 1409 1818; baseline 0 -36"><span class='ocrx_word' id='word_1_136' title='bbox 284 1719 398 1785; x_wconf 84' lang='lat' dir='ltr'><strong>nibua.</strong></span> <span class='ocrx_word' id='word_1_137' title='bbox 442 1659 513 1784; x_wconf 72' lang='lat' dir='ltr'><strong>Sel</strong></span> <span class='ocrx_word' id='word_1_138' title='bbox 529 1718 737 1818; x_wconf 83' lang='lat' dir='ltr'><strong>praecedere</strong></span> <span class='ocrx_word' id='word_1_139' title='bbox 765 1659 1012 1794; x_wconf 78' lang='lat' dir='ltr'><strong>intellectuale,</strong></span> <span class='ocrx_word' id='word_1_140' title='bbox 1045 1716 1086 1784; x_wconf 78' lang='lat' dir='ltr'><strong>ex</strong></span> <span class='ocrx_word' id='word_1_141' title='bbox 1120 1717 1180 1782; x_wconf 90' lang='lat' dir='ltr'><strong>illo</strong></span> <span class='ocrx_word' id='word_1_142' title='bbox 1208 1716 1268 1804; x_wconf 84' lang='lat' dir='ltr'><strong>qai</strong></span> <span class='ocrx_word' id='word_1_143' title='bbox 1289 1721 1409 1782; x_wconf 80' lang='lat' dir='ltr'><strong>hnma-</strong></span> 
     </span>
     <span class='ocr_line' id='line_1_19' title="bbox 286 1797 1408 1900; baseline 0 -35"><span class='ocrx_word' id='word_1_144' title='bbox 286 1823 365 1866; x_wconf 89' lang='lat' dir='ltr'><strong>nam</strong></span> <span class='ocrx_word' id='word_1_145' title='bbox 385 1819 641 1900; x_wconf 84' lang='lat' dir='ltr'><strong>generatroncm</strong></span> <span class='ocrx_word' id='word_1_146' title='bbox 662 1797 699 1874; x_wconf 83' lang='lat' dir='ltr'><strong>in</strong></span> <span class='ocrx_word' id='word_1_147' title='bbox 722 1804 843 1870; x_wconf 89' lang='lat' dir='ltr'><strong>ordine</strong></span> <span class='ocrx_word' id='word_1_148' title='bbox 865 1802 1050 1892; x_wconf 83' lang='lat' dir='ltr'><strong>percurrit,</strong></span> <span class='ocrx_word' id='word_1_149' title='bbox 1073 1797 1271 1878; x_wconf 81' lang='lat' dir='ltr'><strong>didicimur;</strong></span> <span class='ocrx_word' id='word_1_150' title='bbox 1294 1801 1408 1890; x_wconf 87' lang='lat' dir='ltr'><strong>luper-</strong></span> 
     </span>
     <span class='ocr_line' id='line_1_20' title="bbox 221 1883 1409 1970; baseline 0.002 -22"><span class='ocrx_word' id='word_1_151' title='bbox 221 1927 225 1940; x_wconf 86' lang='lat'><strong>·</strong></span> <span class='ocrx_word' id='word_1_152' title='bbox 285 1885 472 1970; x_wconf 73' lang='lat' dir='ltr'><strong>genitivam</strong></span> <span class='ocrx_word' id='word_1_153' title='bbox 505 1891 586 1952; x_wconf 68' lang='lat' dir='ltr'><strong>dero</strong></span> <span class='ocrx_word' id='word_1_154' title='bbox 621 1887 685 1950; x_wconf 80' lang='lat' dir='ltr'><strong>elle</strong></span> <span class='ocrx_word' id='word_1_155' title='bbox 704 1886 838 1953; x_wconf 87' lang='lat' dir='ltr'><strong>homini</strong></span> <span class='ocrx_word' id='word_1_156' title='bbox 860 1883 1188 1952; x_wconf 77' lang='lat' dir='ltr'><strong>ad&#39;irrationabilem</strong></span> <span class='ocrx_word' id='word_1_157' title='bbox 1210 1883 1409 1950; x_wconf 73' lang='lat' dir='ltr'><strong>societatem</strong></span> 
     </span>
     <span class='ocr_line' id='line_1_21' title="bbox 286 1965 1409 2058; baseline 0.001 -26"><span class='ocrx_word' id='word_1_158' title='bbox 286 1965 603 2056; x_wconf 69' lang='lat' dir='ltr'><strong>et·›cognationem.</strong></span> <span class='ocrx_word' id='word_1_159' title='bbox 647 1969 799 2035; x_wconf 89' lang='lat' dir='ltr'><strong>Primum</strong></span> <span class='ocrx_word' id='word_1_160' title='bbox 828 1993 975 2058; x_wconf 86' lang='lat' dir='ltr'><strong>namque</strong></span> <span class='ocrx_word' id='word_1_161' title='bbox 1007 1969 1072 2044; x_wconf 82' lang='lat' dir='ltr'><strong>ait,</strong></span> <span class='ocrx_word' id='word_1_162' title='bbox 1108 1967 1187 2055; x_wconf 85' lang='lat' dir='ltr'><strong>quia</strong></span> <span class='ocrx_word' id='word_1_163' title='bbox 1209 1967 1292 2032; x_wconf 83' lang='lat' dir='ltr'><strong>lecit</strong></span> <span class='ocrx_word' id='word_1_164' title='bbox 1312 1971 1409 2034; x_wconf 81' lang='lat' dir='ltr'><strong>Deua</strong></span> 
     </span>
     <span class='ocr_line' id='line_1_22' title="bbox 263 2049 1409 2137; baseline 0.003 -23"><span class='ocrx_word' id='word_1_165' title='bbox 263 2053 327 2115; x_wconf 85' lang='lat' dir='ltr'><strong>·ad</strong></span> <span class='ocrx_word' id='word_1_166' title='bbox 349 2053 414 2118; x_wconf 84' lang='lat' dir='ltr'><strong>ima</strong></span> <span class='ocrx_word' id='word_1_167' title='bbox 440 2053 531 2130; x_wconf 84' lang='lat' dir='ltr'><strong>inem</strong></span> <span class='ocrx_word' id='word_1_168' title='bbox 554 2053 619 2120; x_wconf 90' lang='lat' dir='ltr'><strong>Dei</strong></span> <span class='ocrx_word' id='word_1_169' title='bbox 643 2053 833 2129; x_wconf 87' lang='lat' dir='ltr'><strong>hominem,</strong></span> <span class='ocrx_word' id='word_1_170' title='bbox 875 2055 1050 2118; x_wconf 80' lang='lat' dir='ltr'><strong>ostendent</strong></span> <span class='ocrx_word' id='word_1_171' title='bbox 1073 2073 1113 2115; x_wconf 85' lang='lat' dir='ltr'><strong>ex</strong></span> <span class='ocrx_word' id='word_1_172' title='bbox 1134 2049 1187 2116; x_wconf 87' lang='lat' dir='ltr'><strong>hia</strong></span> <span class='ocrx_word' id='word_1_173' title='bbox 1208 2073 1297 2137; x_wconf 78' lang='lat' dir='ltr'><strong>quae</strong></span> <span class='ocrx_word' id='word_1_174' title='bbox 1316 2049 1409 2124; x_wconf 84' lang='lat' dir='ltr'><strong>dicta</strong></span> 
     </span>
     <span class='ocr_line' id='line_1_23' title="bbox 285 2075 1408 2224; baseline 0.004 -27"><span class='ocrx_word' id='word_1_175' title='bbox 285 2135 383 2212; x_wconf 86' lang='lat' dir='ltr'><strong>lunt,</strong></span> <span class='ocrx_word' id='word_1_176' title='bbox 414 2075 497 2202; x_wconf 63' lang='lat' dir='ltr'><strong>icat</strong></span> <span class='ocrx_word' id='word_1_177' title='bbox 519 2138 573 2216; x_wconf 71' lang='lat' dir='ltr'><strong>ait</strong></span> <span class='ocrx_word' id='word_1_178' title='bbox 587 2139 784 2224; x_wconf 73' lang='lat' dir='ltr'><strong>Apostolus.</strong></span> <span class='ocrx_word' id='word_1_179' title='bbox 808 2137 886 2224; x_wconf 90' lang='lat' dir='ltr'><strong>quia</strong></span> <span class='ocrx_word' id='word_1_180' title='bbox 909 2137 946 2201; x_wconf 93' lang='lat' dir='ltr'><strong>in</strong></span> <span class='ocrx_word' id='word_1_181' title='bbox 969 2157 1009 2200; x_wconf 90' lang='lat' dir='ltr'><strong>eo</strong></span> <span class='ocrx_word' id='word_1_182' title='bbox 1032 2135 1091 2222; x_wconf 91' lang='lat' dir='ltr'><strong>qui</strong></span> <span class='ocrx_word' id='word_1_183' title='bbox 1115 2133 1189 2199; x_wconf 85' lang='lat' dir='ltr'><strong>talia</strong></span> <span class='ocrx_word' id='word_1_184' title='bbox 1212 2136 1256 2198; x_wconf 86' lang='lat' dir='ltr'><strong>ell</strong></span> <span class='ocrx_word' id='word_1_185' title='bbox 1276 2143 1408 2202; x_wconf 76' lang='lat' dir='ltr'><strong>mareu·</strong></span> 
     </span>
     <span class='ocr_line' id='line_1_24' title="bbox 285 2219 1409 2293; baseline 0.001 -12"><span class='ocrx_word' id='word_1_186' title='bbox 285 2221 338 2283; x_wconf 87' lang='lat' dir='ltr'><strong>lue</strong></span> <span class='ocrx_word' id='word_1_187' title='bbox 369 2235 404 2286; x_wconf 94' lang='lat' dir='ltr'><strong>et</strong></span> <span class='ocrx_word' id='word_1_188' title='bbox 435 2221 584 2286; x_wconf 85' lang='lat' dir='ltr'><strong>foemina</strong></span> <span class='ocrx_word' id='word_1_189' title='bbox 605 2243 676 2286; x_wconf 91' lang='lat' dir='ltr'><strong>non</strong></span> <span class='ocrx_word' id='word_1_190' title='bbox 699 2221 763 2293; x_wconf 65' lang='lat' dir='ltr'><strong>est„</strong></span> <span class='ocrx_word' id='word_1_191' title='bbox 798 2221 933 2285; x_wconf 87' lang='lat' dir='ltr'><strong>Deinde</strong></span> <span class='ocrx_word' id='word_1_192' title='bbox 953 2219 1099 2284; x_wconf 79' lang='lat' dir='ltr'><strong>infertur</strong></span> <span class='ocrx_word' id='word_1_193' title='bbox 1119 2221 1289 2284; x_wconf 79' lang='lat' dir='ltr'><strong>humanae</strong></span> <span class='ocrx_word' id='word_1_194' title='bbox 1310 2236 1409 2286; x_wconf 88' lang='lat' dir='ltr'><strong>natu-</strong></span> 
     </span>
     <span class='ocr_line' id='line_1_25' title="bbox 285 2301 1407 2391; baseline 0.004 -26"><span class='ocrx_word' id='word_1_195' title='bbox 285 2323 342 2366; x_wconf 84' lang='lat' dir='ltr'><strong>rae</strong></span> <span class='ocrx_word' id='word_1_196' title='bbox 396 2303 582 2390; x_wconf 86' lang='lat' dir='ltr'><strong>roprietaa‚</strong></span> <span class='ocrx_word' id='word_1_197' title='bbox 619 2305 699 2391; x_wconf 89' lang='lat' dir='ltr'><strong>quia</strong></span> <span class='ocrx_word' id='word_1_198' title='bbox 731 2305 918 2368; x_wconf 79' lang='lat' dir='ltr'><strong>marculum</strong></span> <span class='ocrx_word' id='word_1_199' title='bbox 947 2319 982 2367; x_wconf 88' lang='lat' dir='ltr'><strong>et</strong></span> <span class='ocrx_word' id='word_1_200' title='bbox 1009 2301 1195 2366; x_wconf 87' lang='lat' dir='ltr'><strong>foeminam</strong></span> <span class='ocrx_word' id='word_1_201' title='bbox 1224 2302 1307 2368; x_wconf 85' lang='lat' dir='ltr'><strong>fecit</strong></span> <span class='ocrx_word' id='word_1_202' title='bbox 1335 2325 1407 2370; x_wconf 79' lang='lat' dir='ltr'><strong>eoa.</strong></span> 
     </span>
     <span class='ocr_line' id='line_1_26' title="bbox 286 2329 1405 2474; baseline 0.004 -26"><span class='ocrx_word' id='word_1_203' title='bbox 286 2329 394 2470; x_wconf 56' lang='lat' dir='ltr'><strong>Quiri³</strong></span> <span class='ocrx_word' id='word_1_204' title='bbox 403 2407 481 2473; x_wconf 81' lang='lat' dir='ltr'><strong>ergo</strong></span> <span class='ocrx_word' id='word_1_205' title='bbox 504 2409 544 2450; x_wconf 89' lang='lat' dir='ltr'><strong>ex</strong></span> <span class='ocrx_word' id='word_1_206' title='bbox 565 2391 633 2464; x_wconf 83' lang='lat' dir='ltr'><strong>hoc</strong></span> <span class='ocrx_word' id='word_1_207' title='bbox 655 2387 850 2453; x_wconf 82' lang='lat' dir='ltr'><strong>diecemual</strong></span> <span class='ocrx_word' id='word_1_208' title='bbox 872 2389 914 2449; x_wconf 89' lang='lat' dir='ltr'><strong>Et</strong></span> <span class='ocrx_word' id='word_1_209' title='bbox 937 2384 1023 2452; x_wconf 88' lang='lat' dir='ltr'><strong>mihi</strong></span> <span class='ocrx_word' id='word_1_210' title='bbox 1044 2405 1145 2452; x_wconf 88' lang='lat' dir='ltr'><strong>nemo</strong></span> <span class='ocrx_word' id='word_1_211' title='bbox 1168 2385 1405 2474; x_wconf 86' lang='lat' dir='ltr'><strong>imputetlon·</strong></span> 
     </span>
     <span class='ocr_line' id='line_1_27' title="bbox 233 2467 1405 2566; baseline 0.003 -34"><span class='ocrx_word' id='word_1_212' title='bbox 233 2477 238 2494; x_wconf 88' lang='grc'>·</span> <span class='ocrx_word' id='word_1_213' title='bbox 285 2469 361 2566; x_wconf 87' lang='lat' dir='ltr'><strong>gine</strong></span> <span class='ocrx_word' id='word_1_214' title='bbox 383 2469 570 2535; x_wconf 83' lang='lat' dir='ltr'><strong>sermonem</strong></span> <span class='ocrx_word' id='word_1_215' title='bbox 593 2470 796 2557; x_wconf 89' lang='lat' dir='ltr'><strong>producenti</strong></span> <span class='ocrx_word' id='word_1_216' title='bbox 820 2471 991 2556; x_wconf 86' lang='lat' dir='ltr'><strong>propofito</strong></span> <span class='ocrx_word' id='word_1_217' title='bbox 1018 2467 1206 2534; x_wconf 86' lang='lat' dir='ltr'><strong>intellectu.</strong></span> <span class='ocrx_word' id='word_1_218' title='bbox 1250 2473 1350 2536; x_wconf 82' lang='lat' dir='ltr'><strong>Deua.</strong></span> <span class='ocrx_word' id='word_1_219' title='bbox 1366 2470 1405 2536; x_wconf 90' lang='lat' dir='ltr'><strong>in</strong></span> 
     </span>
     <span class='ocr_line' id='line_1_28' title="bbox 284 2552 1407 2702; baseline 0.005 -89"><span class='ocrx_word' id='word_1_220' title='bbox 284 2560 342 2615; x_wconf 86' lang='lat' dir='ltr'><strong>lua</strong></span> <span class='ocrx_word' id='word_1_221' title='bbox 364 2569 483 2616; x_wconf 87' lang='lat' dir='ltr'><strong>natura</strong></span> <span class='ocrx_word' id='word_1_222' title='bbox 506 2575 607 2617; x_wconf 89' lang='lat' dir='ltr'><strong>omne</strong></span> <span class='ocrx_word' id='word_1_223' title='bbox 630 2557 858 2640; x_wconf 90' lang='lat' dir='ltr'><strong>quodcunque</strong></span> <span class='ocrx_word' id='word_1_224' title='bbox 880 2553 941 2628; x_wconf 86' lang='lat' dir='ltr'><strong>ell,</strong></span> <span class='ocrx_word' id='word_1_225' title='bbox 975 2573 1035 2640; x_wconf 88' lang='lat' dir='ltr'><strong>per</strong></span> <span class='ocrx_word' id='word_1_226' title='bbox 1056 2552 1215 2616; x_wconf 89' lang='lat' dir='ltr'><strong>notitiam</strong></span> <span class='ocrx_word' id='word_1_227' title='bbox 1237 2553 1407 2702; x_wconf 86' lang='lat' dir='ltr'><strong>accipien-</strong></span> 
     </span>
    </p>

    <p class='ocr_par' dir='ltr' id='par_1_4' title="bbox 285 2637 1409 3154">
     <span class='ocr_line' id='line_1_29' title="bbox 1323 2637 1406 2702; baseline 0 0"><span class='ocrx_word' id='word_1_228' title='bbox 1323 2637 1406 2702; x_wconf 89' lang='lat' dir='ltr'><strong>lecti</strong></span> 
     </span>
     <span class='ocr_line' id='line_1_30' title="bbox 286 2719 1407 2808; baseline 0.005 -26"><span class='ocrx_word' id='word_1_229' title='bbox 286 2733 321 2782; x_wconf 87' lang='lat' dir='ltr'><strong>et</strong></span> <span class='ocrx_word' id='word_1_230' title='bbox 350 2719 580 2805; x_wconf 82' lang='lat' dir='ltr'><strong>comprehensa</strong></span> <span class='ocrx_word' id='word_1_231' title='bbox 615 2719 787 2784; x_wconf 80' lang='lat' dir='ltr'><strong>summitas</strong></span> <span class='ocrx_word' id='word_1_232' title='bbox 803 2719 967 2800; x_wconf 75' lang='lat' dir='ltr'><strong>exilient.</strong></span> <span class='ocrx_word' id='word_1_233' title='bbox 999 2723 1070 2784; x_wconf 87' lang='lat' dir='ltr'><strong>no&#39;n</strong></span> <span class='ocrx_word' id='word_1_234' title='bbox 1093 2723 1136 2786; x_wconf 92' lang='lat' dir='ltr'><strong>ob</strong></span> <span class='ocrx_word' id='word_1_235' title='bbox 1160 2720 1252 2788; x_wconf 87' lang='lat' dir='ltr'><strong>aliud</strong></span> <span class='ocrx_word' id='word_1_236' title='bbox 1275 2721 1407 2808; x_wconf 89' lang='lat' dir='ltr'><strong>aliquid</strong></span> 
     </span>
     <span class='ocr_line' id='line_1_31' title="bbox 285 2803 1409 2894; baseline 0.008 -30"><span class='ocrx_word' id='word_1_237' title='bbox 285 2805 473 2892; x_wconf 41' lang='lat' dir='ltr'><strong>humanam·</strong></span> <span class='ocrx_word' id='word_1_238' title='bbox 489 2803 594 2867; x_wconf 87' lang='lat' dir='ltr'><strong>vitam</strong></span> <span class='ocrx_word' id='word_1_239' title='bbox 617 2819 728 2878; x_wconf 90' lang='lat' dir='ltr'><strong>creat,</strong></span> <span class='ocrx_word' id='word_1_240' title='bbox 748 2826 852 2890; x_wconf 86' lang='lat' dir='ltr'><strong>¹quarn</strong></span> <span class='ocrx_word' id='word_1_241' title='bbox 875 2807 967 2892; x_wconf 90' lang='lat' dir='ltr'><strong>quod</strong></span> <span class='ocrx_word' id='word_1_242' title='bbox 988 2805 1079 2866; x_wconf 87' lang='lat' dir='ltr'><strong>bene</strong></span> <span class='ocrx_word' id='word_1_243' title='bbox 1098 2805 1160 2868; x_wconf 86' lang='lat' dir='ltr'><strong>elle</strong></span> <span class='ocrx_word' id='word_1_244' title='bbox 1181 2807 1283 2885; x_wconf 78' lang='lat' dir='ltr'><strong>talem</strong></span> <span class='ocrx_word' id='word_1_245' title='bbox 1308 2825 1409 2894; x_wconf 71' lang='lat' dir='ltr'><strong>oporte</strong></span> 
     </span>
     <span class='ocr_line' id='line_1_32' title="bbox 287 2883 1407 2974; baseline 0.001 -22"><span class='ocrx_word' id='word_1_246' title='bbox 287 2901 350 2970; x_wconf 79' lang='lat' dir='ltr'><strong>tet,</strong></span> <span class='ocrx_word' id='word_1_247' title='bbox 375 2889 424 2952; x_wconf 80' lang='lat' dir='ltr'><strong>Ac</strong></span> <span class='ocrx_word' id='word_1_248' title='bbox 438 2901 499 2974; x_wconf 86' lang='lat' dir='ltr'><strong>per</strong></span> <span class='ocrx_word' id='word_1_249' title='bbox 513 2890 579 2952; x_wconf 90' lang='lat' dir='ltr'><strong>hoc</strong></span> <span class='ocrx_word' id='word_1_250' title='bbox 598 2890 639 2950; x_wconf 86' lang='lat' dir='ltr'><strong>ad</strong></span> <span class='ocrx_word' id='word_1_251' title='bbox 655 2883 888 2966; x_wconf 82' lang='lat' dir='ltr'><strong>conditionem</strong></span> <span class='ocrx_word' id='word_1_252' title='bbox 904 2887 1032 2953; x_wconf 81' lang='lat' dir='ltr'><strong>nostrae</strong></span> <span class='ocrx_word' id='word_1_253' title='bbox 1047 2901 1188 2952; x_wconf 89' lang='lat' dir='ltr'><strong>naturae</strong></span> <span class='ocrx_word' id='word_1_254' title='bbox 1199 2904 1407 2965; x_wconf 61' lang='lat' dir='ltr'><strong>morannum</strong></span> 
     </span>
     <span class='ocr_line' id='line_1_33' title="bbox 285 2969 1406 3060; baseline 0.005 -28"><span class='ocrx_word' id='word_1_255' title='bbox 285 2969 347 3033; x_wconf 87' lang='lat' dir='ltr'><strong>nifi</strong></span> <span class='ocrx_word' id='word_1_256' title='bbox 379 2969 611 3058; x_wconf 85' lang='lat' dir='ltr'><strong>imperfectam</strong></span> <span class='ocrx_word' id='word_1_257' title='bbox 641 2970 1019 3036; x_wconf 82' lang='lat' dir='ltr'><strong>bonitatia·ollen‹lerct</strong></span> <span class='ocrx_word' id='word_1_258' title='bbox 1044 2969 1229 3048; x_wconf 86' lang='lat' dir='ltr'><strong>virtutem,</strong></span> <span class='ocrx_word' id='word_1_259' title='bbox 1266 2973 1406 3060; x_wconf 84' lang='lat' dir='ltr'><strong>aliquod</strong></span> 
     </span>
     <span class='ocr_line' id='line_1_34' title="bbox 286 3052 1406 3154; baseline 0.002 -38"><span class='ocrx_word' id='word_1_260' title='bbox 286 3052 423 3138; x_wconf 90' lang='lat' dir='ltr'><strong>quidem</strong></span> <span class='ocrx_word' id='word_1_261' title='bbox 449 3057 531 3118; x_wconf 84' lang='lat' dir='ltr'><strong>dans</strong></span> <span class='ocrx_word' id='word_1_262' title='bbox 554 3077 593 3118; x_wconf 84' lang='lat' dir='ltr'><strong>ex</strong></span> <span class='ocrx_word' id='word_1_263' title='bbox 614 3055 667 3154; x_wconf 76' lang='lat' dir='ltr'><strong>hia</strong></span> <span class='ocrx_word' id='word_1_264' title='bbox 692 3077 780 3153; x_wconf 69' lang='lat' dir='ltr'><strong>(puae</strong></span> <span class='ocrx_word' id='word_1_265' title='bbox 800 3053 857 3118; x_wconf 88' lang='lat' dir='ltr'><strong>libi</strong></span> <span class='ocrx_word' id='word_1_266' title='bbox 879 3053 1010 3128; x_wconf 82' lang='lat' dir='ltr'><strong>iniunt,</strong></span> <span class='ocrx_word' id='word_1_267' title='bbox 1034 3053 1070 3116; x_wconf 92' lang='lat' dir='ltr'><strong>in</strong></span> <span class='ocrx_word' id='word_1_268' title='bbox 1093 3055 1205 3141; x_wconf 88' lang='lat' dir='ltr'><strong>aliquo</strong></span> <span class='ocrx_word' id='word_1_269' title='bbox 1224 3069 1335 3120; x_wconf 88' lang='lat' dir='ltr'><strong>autem</strong></span> <span class='ocrx_word' id='word_1_270' title='bbox 1353 3055 1406 3118; x_wconf 91' lang='lat' dir='ltr'><strong>in·</strong></span> 
     </span>
    </p>
   </div>
   <div class='ocr_carea' id='block_1_4' title="bbox 172 3135 1404 3238">
    <p class='ocr_par' dir='ltr' id='par_1_5' title="bbox 172 3135 1404 3238">
     <span class='ocr_line' id='line_1_35' title="bbox 172 3135 1404 3238; baseline 0.006 -42"><span class='ocrx_word' id='word_1_271' title='bbox 172 3151 177 3162; x_wconf 92' lang='grc'><strong>’</strong></span> <span class='ocrx_word' id='word_1_272' title='bbox 285 3135 405 3201; x_wconf 86' lang='lat' dir='ltr'><strong>vitlena</strong></span> <span class='ocrx_word' id='word_1_273' title='bbox 428 3138 505 3211; x_wconf 85' lang='lat' dir='ltr'><strong>suae</strong></span> <span class='ocrx_word' id='word_1_274' title='bbox 526 3137 792 3224; x_wconf 64' lang='lat' dir='ltr'><strong>participatione</strong></span> <span class='ocrx_word' id='word_1_275' title='bbox 836 3137 888 3202; x_wconf 83' lang='lat' dir='ltr'><strong>All</strong></span> <span class='ocrx_word' id='word_1_276' title='bbox 917 3139 1065 3224; x_wconf 83' lang='lat' dir='ltr'><strong>perlecta</strong></span> <span class='ocrx_word' id='word_1_277' title='bbox 1088 3138 1250 3202; x_wconf 78' lang='lat' dir='ltr'><strong>bonitatis</strong></span> <span class='ocrx_word' id='word_1_278' title='bbox 1276 3137 1404 3238; x_wconf 75' lang='lat' dir='ltr'><strong>speclea</strong></span> 
     </span>
    </p>
   </div>
   <div class='ocr_carea' id='block_1_5' title="bbox 280 3219 1406 4312">
    <p class='ocr_par' dir='ltr' id='par_1_6' title="bbox 280 3219 1406 4312">
     <span class='ocr_line' id='line_1_36' title="bbox 284 3219 1406 3308; baseline 0.004 -26"><span class='ocrx_word' id='word_1_279' title='bbox 284 3219 320 3282; x_wconf 90' lang='lat' dir='ltr'><strong>in</strong></span> <span class='ocrx_word' id='word_1_280' title='bbox 344 3223 409 3286; x_wconf 90' lang='lat' dir='ltr'><strong>hoc</strong></span> <span class='ocrx_word' id='word_1_281' title='bbox 432 3221 496 3295; x_wconf 81' lang='lat' dir='ltr'><strong>etl,</strong></span> <span class='ocrx_word' id='word_1_282' title='bbox 520 3238 554 3284; x_wconf 91' lang='lat' dir='ltr'><strong>et</strong></span> <span class='ocrx_word' id='word_1_283' title='bbox 575 3225 742 3290; x_wconf 80' lang='lat' dir='ltr'><strong>adducere</strong></span> <span class='ocrx_word' id='word_1_284' title='bbox 763 3221 938 3286; x_wconf 88' lang='lat' dir='ltr'><strong>hominem</strong></span> <span class='ocrx_word' id='word_1_285' title='bbox 961 3241 1000 3284; x_wconf 84' lang='lat' dir='ltr'><strong>ex</strong></span> <span class='ocrx_word' id='word_1_286' title='bbox 1021 3241 1092 3284; x_wconf 90' lang='lat' dir='ltr'><strong>non</strong></span> <span class='ocrx_word' id='word_1_287' title='bbox 1115 3221 1273 3289; x_wconf 81' lang='lat' dir='ltr'><strong>existente</strong></span> <span class='ocrx_word' id='word_1_288' title='bbox 1296 3243 1331 3288; x_wconf 82' lang='lat' dir='ltr'><strong>an</strong></span> <span class='ocrx_word' id='word_1_289' title='bbox 1349 3243 1406 3308; x_wconf 86' lang='lat' dir='ltr'><strong>ge-</strong></span> 
     </span>
     <span class='ocr_line' id='line_1_37' title="bbox 284 3303 1406 3392; baseline 0.003 -27"><span class='ocrx_word' id='word_1_290' title='bbox 284 3303 516 3378; x_wconf 87' lang='lat' dir='ltr'><strong>nerationem,</strong></span> <span class='ocrx_word' id='word_1_291' title='bbox 543 3317 577 3366; x_wconf 87' lang='lat' dir='ltr'><strong>et</strong></span> <span class='ocrx_word' id='word_1_292' title='bbox 601 3325 671 3367; x_wconf 93' lang='lat' dir='ltr'><strong>non</strong></span> <span class='ocrx_word' id='word_1_293' title='bbox 694 3304 906 3391; x_wconf 83' lang='lat' dir='ltr'><strong>indigentem</strong></span> <span class='ocrx_word' id='word_1_294' title='bbox 922 3306 1091 3369; x_wconf 88' lang='lat' dir='ltr'><strong>bonorum</strong></span> <span class='ocrx_word' id='word_1_295' title='bbox 1108 3303 1279 3391; x_wconf 85' lang='lat' dir='ltr'><strong>perficere.</strong></span> <span class='ocrx_word' id='word_1_296' title='bbox 1311 3307 1406 3392; x_wconf 91' lang='lat' dir='ltr'><strong>Quo·</strong></span> 
     </span>
     <span class='ocr_line' id='line_1_38' title="bbox 285 3385 1403 3474; baseline 0.004 -26"><span class='ocrx_word' id='word_1_297' title='bbox 285 3385 376 3449; x_wconf 87' lang='lat' dir='ltr'><strong>niam</strong></span> <span class='ocrx_word' id='word_1_298' title='bbox 399 3405 479 3450; x_wconf 84' lang='lat' dir='ltr'><strong>vero</strong></span> <span class='ocrx_word' id='word_1_299' title='bbox 501 3387 630 3451; x_wconf 71' lang='lat' dir='ltr'><strong>multue&#39;</strong></span> <span class='ocrx_word' id='word_1_300' title='bbox 652 3387 857 3474; x_wconf 74' lang='lat' dir='ltr'><strong>singulorum</strong></span> <span class='ocrx_word' id='word_1_301' title='bbox 881 3392 1046 3454; x_wconf 90' lang='lat' dir='ltr'><strong>bonorum</strong></span> <span class='ocrx_word' id='word_1_302' title='bbox 1067 3389 1238 3474; x_wconf 80' lang='lat' dir='ltr'><strong>catalogue</strong></span> <span class='ocrx_word' id='word_1_303' title='bbox 1253 3389 1307 3462; x_wconf 79' lang='lat' dir='ltr'><strong>eil.</strong></span> <span class='ocrx_word' id='word_1_304' title='bbox 1329 3409 1403 3454; x_wconf 89' lang='lat' dir='ltr'><strong>non</strong></span> 
     </span>
     <span class='ocr_line' id='line_1_39' title="bbox 284 3467 1405 3558; baseline 0.005 -28"><span class='ocrx_word' id='word_1_305' title='bbox 284 3468 383 3532; x_wconf 88' lang='lat' dir='ltr'><strong>facile</strong></span> <span class='ocrx_word' id='word_1_306' title='bbox 413 3467 458 3532; x_wconf 86' lang='lat' dir='ltr'><strong>est</strong></span> <span class='ocrx_word' id='word_1_307' title='bbox 479 3489 555 3532; x_wconf 90' lang='lat' dir='ltr'><strong>eum</strong></span> <span class='ocrx_word' id='word_1_308' title='bbox 577 3492 720 3536; x_wconf 87' lang='lat' dir='ltr'><strong>numero</strong></span> <span class='ocrx_word' id='word_1_309' title='bbox 742 3472 921 3558; x_wconf 84' lang='lat' dir='ltr'><strong>perficere:</strong></span> <span class='ocrx_word' id='word_1_310' title='bbox 958 3485 1133 3556; x_wconf 85' lang='lat' dir='ltr'><strong>propterea</strong></span> <span class='ocrx_word' id='word_1_311' title='bbox 1160 3493 1234 3537; x_wconf 88' lang='lat' dir='ltr'><strong>com</strong></span> <span class='ocrx_word' id='word_1_312' title='bbox 1260 3473 1405 3538; x_wconf 84' lang='lat' dir='ltr'><strong>rehensa·</strong></span> 
     </span>
     <span class='ocr_line' id='line_1_40' title="bbox 285 3495 1404 3644; baseline 0.006 -31"><span class='ocrx_word' id='word_1_313' title='bbox 285 3573 326 3614; x_wconf 87' lang='lat' dir='ltr'><strong>va</strong></span> <span class='ocrx_word' id='word_1_314' title='bbox 360 3555 504 3638; x_wconf 89' lang='lat' dir='ltr'><strong>quadam</strong></span> <span class='ocrx_word' id='word_1_315' title='bbox 536 3575 622 3618; x_wconf 85' lang='lat' dir='ltr'><strong>voce</strong></span> <span class='ocrx_word' id='word_1_316' title='bbox 651 3554 765 3618; x_wconf 89' lang='lat' dir='ltr'><strong>omnia</strong></span> <span class='ocrx_word' id='word_1_317' title='bbox 800 3557 1089 3640; x_wconf 80' lang='lat' dir='ltr'><strong>comprehendens</strong></span> <span class='ocrx_word' id='word_1_318' title='bbox 1111 3495 1404 3644; x_wconf 60' lang='lat' dir='ltr'><strong>sermolgnifica·</strong></span> 
     </span>
     <span class='ocr_line' id='line_1_41' title="bbox 283 3633 1402 3710; baseline 0.009 -14"><span class='ocrx_word' id='word_1_319' title='bbox 283 3633 349 3706; x_wconf 79' lang='lat' dir='ltr'><strong>vit.</strong></span> <span class='ocrx_word' id='word_1_320' title='bbox 384 3633 551 3710; x_wconf 82' lang='lat' dir='ltr'><strong>dicendo,</strong></span> <span class='ocrx_word' id='word_1_321' title='bbox 586 3641 628 3702; x_wconf 92' lang='lat' dir='ltr'><strong>ad</strong></span> <span class='ocrx_word' id='word_1_322' title='bbox 656 3637 723 3702; x_wconf 88' lang='lat' dir='ltr'><strong>ima</strong></span> <span class='ocrx_word' id='word_1_323' title='bbox 751 3637 841 3702; x_wconf 81' lang='lat' dir='ltr'><strong>‘nem</strong></span> <span class='ocrx_word' id='word_1_324' title='bbox 862 3637 926 3702; x_wconf 87' lang='lat' dir='ltr'><strong>Dei</strong></span> <span class='ocrx_word' id='word_1_325' title='bbox 948 3637 1122 3702; x_wconf 88' lang='lat' dir='ltr'><strong>hominem</strong></span> <span class='ocrx_word' id='word_1_326' title='bbox 1144 3637 1271 3703; x_wconf 84' lang='lat' dir='ltr'><strong>facturn</strong></span> <span class='ocrx_word' id='word_1_327' title='bbox 1294 3638 1402 3706; x_wconf 83' lang='lat' dir='ltr'><strong>soille.</strong></span> 
     </span>
     <span class='ocr_line' id='line_1_42' title="bbox 284 3717 1405 3817; baseline 0.007 -37"><span class='ocrx_word' id='word_1_328' title='bbox 284 3719 367 3780; x_wconf 87' lang='lat' dir='ltr'><strong>Tale</strong></span> <span class='ocrx_word' id='word_1_329' title='bbox 390 3717 481 3782; x_wconf 91' lang='lat' dir='ltr'><strong>enim</strong></span> <span class='ocrx_word' id='word_1_330' title='bbox 504 3719 548 3784; x_wconf 85' lang='lat' dir='ltr'><strong>cll</strong></span> <span class='ocrx_word' id='word_1_331' title='bbox 570 3723 636 3786; x_wconf 89' lang='lat' dir='ltr'><strong>hoc</strong></span> <span class='ocrx_word' id='word_1_332' title='bbox 658 3743 696 3785; x_wconf 89' lang='lat' dir='ltr'><strong>ac</strong></span> <span class='ocrx_word' id='word_1_333' title='bbox 745 3721 907 3792; x_wconf 86' lang='lat' dir='ltr'><strong>diceret:</strong></span> <span class='ocrx_word' id='word_1_334' title='bbox 941 3719 1020 3817; x_wconf 75' lang='lat' dir='ltr'><strong>quia</strong></span> <span class='ocrx_word' id='word_1_335' title='bbox 1048 3719 1159 3784; x_wconf 86' lang='lat' dir='ltr'><strong>omnia</strong></span> <span class='ocrx_word' id='word_1_336' title='bbox 1183 3722 1265 3788; x_wconf 91' lang='lat' dir='ltr'><strong>boni</strong></span> <span class='ocrx_word' id='word_1_337' title='bbox 1287 3725 1405 3788; x_wconf 71' lang='lat' dir='ltr'><strong>hurna¹</strong></span> 
     </span>
     <span class='ocr_line' id='line_1_43' title="bbox 283 3798 1400 3904; baseline 0.006 -39"><span class='ocrx_word' id='word_1_338' title='bbox 283 3823 361 3865; x_wconf 87' lang='lat' dir='ltr'><strong>nam</strong></span> <span class='ocrx_word' id='word_1_339' title='bbox 383 3817 537 3866; x_wconf 89' lang='lat' dir='ltr'><strong>naturam</strong></span> <span class='ocrx_word' id='word_1_340' title='bbox 557 3803 759 3904; x_wconf 84' lang='lat' dir='ltr'><strong>participem</strong></span> <span class='ocrx_word' id='word_1_341' title='bbox 781 3798 875 3873; x_wconf 77' lang='lat' dir='ltr'><strong>fecit.</strong></span> <span class='ocrx_word' id='word_1_342' title='bbox 919 3803 954 3866; x_wconf 80' lang='lat' dir='ltr'><strong>St</strong></span> <span class='ocrx_word' id='word_1_343' title='bbox 978 3801 1068 3866; x_wconf 88' lang='lat' dir='ltr'><strong>enim</strong></span> <span class='ocrx_word' id='word_1_344' title='bbox 1091 3803 1271 3888; x_wconf 87' lang='lat' dir='ltr'><strong>plenitudo</strong></span> <span class='ocrx_word' id='word_1_345' title='bbox 1293 3809 1400 3872; x_wconf 89' lang='lat' dir='ltr'><strong>bono·</strong></span> 
     </span>
     <span class='ocr_line' id='line_1_44' title="bbox 282 3885 1402 3976; baseline 0.006 -28"><span class='ocrx_word' id='word_1_346' title='bbox 282 3905 359 3948; x_wconf 89' lang='lat' dir='ltr'><strong>rum</strong></span> <span class='ocrx_word' id='word_1_347' title='bbox 379 3887 492 3959; x_wconf 86' lang='lat' dir='ltr'><strong>Deua;</strong></span> <span class='ocrx_word' id='word_1_348' title='bbox 515 3885 605 3950; x_wconf 83' lang='lat' dir='ltr'><strong>illrua</strong></span> <span class='ocrx_word' id='word_1_349' title='bbox 629 3903 741 3951; x_wconf 87' lang='lat' dir='ltr'><strong>autem</strong></span> <span class='ocrx_word' id='word_1_350' title='bbox 763 3889 849 3964; x_wconf 85' lang='lat' dir='ltr'><strong>hoc,</strong></span> <span class='ocrx_word' id='word_1_351' title='bbox 872 3885 907 3951; x_wconf 85' lang='lat' dir='ltr'><strong>id</strong></span> <span class='ocrx_word' id='word_1_352' title='bbox 930 3885 974 3949; x_wconf 86' lang='lat' dir='ltr'><strong>ell</strong></span> <span class='ocrx_word' id='word_1_353' title='bbox 995 3889 1116 3960; x_wconf 88' lang='lat' dir='ltr'><strong>horno,</strong></span> <span class='ocrx_word' id='word_1_354' title='bbox 1140 3885 1273 3975; x_wconf 86' lang='lat' dir='ltr'><strong>imago:</strong></span> <span class='ocrx_word' id='word_1_355' title='bbox 1295 3888 1402 3976; x_wconf 90' lang='lat' dir='ltr'><strong>igitur</strong></span> 
     </span>
     <span class='ocr_line' id='line_1_45' title="bbox 282 3965 1404 4058; baseline 0.007 -28"><span class='ocrx_word' id='word_1_356' title='bbox 282 3965 318 4032; x_wconf 91' lang='lat' dir='ltr'><strong>in</strong></span> <span class='ocrx_word' id='word_1_357' title='bbox 342 3987 382 4032; x_wconf 87' lang='lat' dir='ltr'><strong>eo</strong></span> <span class='ocrx_word' id='word_1_358' title='bbox 405 3969 497 4054; x_wconf 89' lang='lat' dir='ltr'><strong>quod</strong></span> <span class='ocrx_word' id='word_1_359' title='bbox 519 3971 558 4034; x_wconf 87' lang='lat' dir='ltr'><strong>fit</strong></span> <span class='ocrx_word' id='word_1_360' title='bbox 579 3973 758 4056; x_wconf 89' lang='lat' dir='ltr'><strong>plenitudo</strong></span> <span class='ocrx_word' id='word_1_361' title='bbox 781 3969 892 4052; x_wconf 75' lang='lat' dir='ltr'><strong>omitia</strong></span> <span class='ocrx_word' id='word_1_362' title='bbox 915 3967 997 4032; x_wconf 89' lang='lat' dir='ltr'><strong>boni</strong></span> <span class='ocrx_word' id='word_1_363' title='bbox 1019 3971 1061 4032; x_wconf 88' lang='lat' dir='ltr'><strong>ad</strong></span> <span class='ocrx_word' id='word_1_364' title='bbox 1081 3967 1271 4058; x_wconf 84' lang='lat' dir='ltr'><strong>principale</strong></span> <span class='ocrx_word' id='word_1_365' title='bbox 1294 3995 1404 4038; x_wconf 86' lang='lat' dir='ltr'><strong>exem·</strong></span> 
     </span>
     <span class='ocr_line' id='line_1_46' title="bbox 281 4049 1404 4138; baseline 0.008 -24"><span class='ocrx_word' id='word_1_366' title='bbox 281 4051 378 4136; x_wconf 91' lang='lat' dir='ltr'><strong>plum</strong></span> <span class='ocrx_word' id='word_1_367' title='bbox 402 4049 468 4116; x_wconf 89' lang='lat' dir='ltr'><strong>ima</strong></span> <span class='ocrx_word' id='word_1_368' title='bbox 493 4072 512 4114; x_wconf 94' lang='lat' dir='ltr'><strong>o</strong></span> <span class='ocrx_word' id='word_1_369' title='bbox 533 4056 637 4118; x_wconf 87' lang='lat' dir='ltr'><strong>habet</strong></span> <span class='ocrx_word' id='word_1_370' title='bbox 659 4051 922 4118; x_wconf 77' lang='lat' dir='ltr'><strong>fimilitudinem.</strong></span> <span class='ocrx_word' id='word_1_371' title='bbox 968 4053 1058 4138; x_wconf 85' lang='lat' dir='ltr'><strong>Ergo</strong></span> <span class='ocrx_word' id='word_1_372' title='bbox 1081 4053 1126 4117; x_wconf 85' lang='lat' dir='ltr'><strong>cll</strong></span> <span class='ocrx_word' id='word_1_373' title='bbox 1146 4051 1183 4118; x_wconf 89' lang='lat' dir='ltr'><strong>in</strong></span> <span class='ocrx_word' id='word_1_374' title='bbox 1206 4053 1315 4122; x_wconf 73' lang='lat' dir='ltr'><strong>nobit¹</strong></span> <span class='ocrx_word' id='word_1_375' title='bbox 1332 4077 1404 4135; x_wconf 76' lang='lat' dir='ltr'><strong>om·</strong></span> 
     </span>
     <span class='ocr_line' id='line_1_47' title="bbox 280 4075 1405 4228; baseline 0.006 -29"><span class='ocrx_word' id='word_1_376' title='bbox 280 4134 335 4200; x_wconf 84' lang='lat' dir='ltr'><strong>nia</strong></span> <span class='ocrx_word' id='word_1_377' title='bbox 356 4131 439 4200; x_wconf 90' lang='lat' dir='ltr'><strong>boni</strong></span> <span class='ocrx_word' id='word_1_378' title='bbox 463 4075 586 4211; x_wconf 50' lang='lat' dir='ltr'><strong>forma,</strong></span> <span class='ocrx_word' id='word_1_379' title='bbox 610 4137 723 4200; x_wconf 84' lang='lat' dir='ltr'><strong>omnia</strong></span> <span class='ocrx_word' id='word_1_380' title='bbox 742 4135 849 4200; x_wconf 84' lang='lat' dir='ltr'><strong>virtue</strong></span> <span class='ocrx_word' id='word_1_381' title='bbox 867 4152 900 4200; x_wconf 89' lang='lat' dir='ltr'><strong>et</strong></span> <span class='ocrx_word' id='word_1_382' title='bbox 918 4134 1100 4220; x_wconf 78' lang='lat' dir='ltr'><strong>sapientia,</strong></span> <span class='ocrx_word' id='word_1_383' title='bbox 1126 4152 1161 4202; x_wconf 89' lang='lat' dir='ltr'><strong>et</strong></span> <span class='ocrx_word' id='word_1_384' title='bbox 1176 4158 1278 4204; x_wconf 88' lang='lat' dir='ltr'><strong>omne</strong></span> <span class='ocrx_word' id='word_1_385' title='bbox 1296 4141 1405 4228; x_wconf 86' lang='lat' dir='ltr'><strong>quod·</strong></span> 
     </span>
     <span class='ocr_line' id='line_1_48' title="bbox 281 4215 1404 4312; baseline 0.009 -30"><span class='ocrx_word' id='word_1_386' title='bbox 281 4239 417 4305; x_wconf 87' lang='lat' dir='ltr'><strong>cunque</strong></span> <span class='ocrx_word' id='word_1_387' title='bbox 440 4219 484 4282; x_wconf 85' lang='lat' dir='ltr'><strong>all</strong></span> <span class='ocrx_word' id='word_1_388' title='bbox 505 4219 541 4284; x_wconf 87' lang='lat' dir='ltr'><strong>in</strong></span> <span class='ocrx_word' id='word_1_389' title='bbox 565 4215 978 4306; x_wconf 79' lang='lat' dir='ltr'><strong>meliueintelligendum.</strong></span> <span class='ocrx_word' id='word_1_390' title='bbox 1007 4222 1046 4286; x_wconf 91' lang='lat' dir='ltr'><strong>ln</strong></span> <span class='ocrx_word' id='word_1_391' title='bbox 1065 4241 1105 4287; x_wconf 92' lang='lat' dir='ltr'><strong>eo</strong></span> <span class='ocrx_word' id='word_1_392' title='bbox 1120 4220 1213 4288; x_wconf 88' lang='lat' dir='ltr'><strong>enim</strong></span> <span class='ocrx_word' id='word_1_393' title='bbox 1229 4223 1283 4301; x_wconf 80' lang='lat' dir='ltr'><strong>eli,</strong></span> <span class='ocrx_word' id='word_1_394' title='bbox 1307 4227 1404 4312; x_wconf 88' lang='lat' dir='ltr'><strong>quod</strong></span> 
     </span>
    </p>
   </div>
   <div class='ocr_carea' id='block_1_6' title="bbox 0 0 1522 4862">
    <p class='ocr_par' dir='ltr' id='par_1_7' title="bbox 0 0 1522 4862">
     <span class='ocr_line' id='line_1_49' title="bbox 0 0 1522 4862; baseline 0 1"><span class='ocrx_word' id='word_1_395' title='bbox 0 0 1522 4862; x_wconf 95' lang='lat' dir='ltr'><strong> </strong></span> 
     </span>
    </p>
   </div>
  </div>
 </body>
</html>
