2866 4822
291 213 478 306 490'
613 181 1111 304 uenemonenunaae.·
1270 267 1291 308 ρ

285 437 387 496 *turae
406 417 512 484 Adam
532 415 616 487 ficar
635 416 673 484 iu
693 415 1064 505 [equentibuthistorla
1082 412 1181 496 dicit,
1203 415 1264 482 led
1276 437 1411 482 nomeu

291 517 404 569 ereata
425 497 558 566 homini
580 521 651 566 non
673 501 765 566 aliud
786 505 956 590 quoddam
977 499 1209 566 universaliter
1230 499 1287 564 est.
1331 501 1412 564 Nou

292 584 398 673 igitur
428 583 624 664 universalia
644 601 784 650 naturae
803 585 989 650 vocatione
1006 587 1071 653 tale
1093 583 1221 670 aliquid
1242 583 1411 670 suspicari

290 667 557 750 introducimup,
570 667 659 754 ,quia
680 667 717 734 in
740 667 865 746 divina·
875 667 1062 756 praesentia
1084 682 1120 732 et
1138 667 1268 732 virtute
1289 667 1409 732 omnir

292 749 483 824 humanitas
506 749 542 817 in
567 749 675 836 prima
697 751 936 818 constitutione
957 749 1267 839 comprehensaest.
1299 752 1337 816 Ο
1367 771 1411 814 or-

292 852 343 902 tet
363 833 454 904 enim
475 831 525 898 nil
546 839 622 900 Deo
643 834 818 902 infinitum
849 836 886 902 in
907 835 961 902 his
982 857 1068 923 quae
1089 837 1130 900 ab
1153 857 1193 900 eo
1215 835 1312 900 iacta
1337 775 1409 898 iuna

293 916 567 998 aestimarent&
595 919 861 1006 uniuscujusque
890 941 1006 984 eorum
1035 939 1120 1006 quae
1151 919 1230 982 lunt
1261 915 1352 982 finis
1383 933 1410 978 et

292 1005 446 1070 mensura
467 999 525 1064 fibi
547 1002 749 1068 substantiae·
763 1022 816 1068 ma
841 1001 963 1068 nitudo
986 1004 1045 1078 est,
1070 1001 1208 1089 quaein
1225 999 1409 1087 superficie

293 1083 659 1236 snlueeu·
702 1027 928 1235 tsrilzt
956 1083 1407 1236 nuntientur:

294 1257 369 1318 Deo
393 1249 550 1318 omniurn
568 1273 643 1320 corn
669 1193 841 1319 rihenlam
862 1191 977 1318 fuilleij
1000 1192 1074 1320 Hogc
1096 1255 1196 1318 docet
1216 1251 1335 1316 lermo
1355 1249 1406 1336 qui
1430 1283 1431 1320 q

292 1335 392 1402 dicit:
419 1337 508 1437 prtia
520 1325 617 1425 ferit
677 1343 803 1404 ominus
822 1335 1000 1410 hominem,
1021 1333 1202 1422 secundum
1223 1337 1431 1416 imaginem}

292 1423 367 1486 Dei
384 1410 482 1520 fecit
509 1443 590 1484 eum.
620 1423 711 1504 ‘Non
739 1421 887 1500 enimin
908 1438 1002 1508 parte
1023 1437 1162 1484 naturae
1183 1417 1251 1481 ima
1279 1423 1327 1492 o‚'
1358 1401 1431 1488 nei

293 1525 360 1591 que
381 1526 418 1570 ru
439 1507 586 1602 quodam
608 1525 831 1592 eorumquae
854 1505 1038 1572 seeundum
1066 1503 1170 1590 ipsam
1191 1521 1259 1566 con
1289 1503 1405 1564 deran-
1430 1499 1431 1576 i

293 1603 350 1652 tur
371 1601 521 1675 gratiam,
555 1588 610 1664 est,
633 1588 689 1654 sed
710 1587 746 1653 in
769 1604 878 1654 totum
901 1609 1008 1675 genua
1026 1583 1211 1672 ¹aequaliter
1233 1583 1315 1648 talia
1339 1605 1404 1670 per·
1430 1591 1431 1640 l

293 1671 390 1736 venit
408 1669 527 1734 virtue.
570 1671 712 1757 Signum
734 1693 815 1736 vero
838 1673 882 1736 eli
904 1670 1060 1736 omnibus
1082 1667 1231 1734 similiter
1249 1666 1403 1733 animum
1430 1693 1431 1706 ¹

271 1751 474 1838 Λ(κιΙΙοςετί,
508 1755 589 1818 dum
618 1775 736 1820 omnes
762 1754 977 1841 intelligendi
1005 1769 1039 1820 et
1071 1749 1272 1817 consiliandi
1300 1749 1431 1840 virtu

294 1851 362 1902 tem
393 1837 554 1911 habeant,
585 1852 619 1900 et
647 1837 708 1901 alia
739 1839 852 1904 omnia
881 1861 920 1904 ex
942 1837 1064 1924 quibua
1086 1834 1203 1900 divina
1222 1851 1352 1898 natura
1371 1835 1403 1896 in
1430 1841 1431 1920 l

293 1918 779 2070 aristentus
952 1915 1403 2068 ‘turstenus

246 2127 248 2132 ·
294 2025 349 2152 rii
378 2089 497 2161 homo,
510 2025 582 2150 eete
609 2027 655 2152 οἯ
670 2023 1246 2157 hriivi’rriffiiianhhhshncrhihtionem
1270 2083 1402 2148 futurus

292 2167 476 2258 aequaliter
510 2166 547 2234 in
587 2170 678 2268 eipso
706 2171 855 2236 diuinam
876 2169 1059 2256 imaginem
1081 2169 1176 2234 feret.
1218 2169 1400 2254 Propterea
1430 2189 1431 2256 3

291 2275 382 2320 unua
410 2257 514 2318 horno
542 2269 755 2320 nominatum
785 2255 829 2325 ell
860 2270 983 2329 omne,
1019 2251 1098 2338 quia
1129 2252 1166 2316 in
1188 2249 1319 2314 virtute
1343 2252 1399 2314 Dei
1430 2257 1431 2308 1

291 2336 380 2404 nihil
400 2333 573 2422 praeterit,
595 2335 682 2400 nihil
704 2337 822 2412 inllat,
845 2339 902 2402 led
925 2352 960 2402 et
982 2339 1073 2422 quod
1096 2337 1265 2423 spectatur
1284 2356 1400 2422 aequa·

293 2420 371 2484 liter
399 2417 563 2503 praesenti
584 2419 855 2503 comprehensiva
878 2417 1103 2484 univerfitatia
1125 2415 1303 2504 optatione
1325 2439 1397 2482 eou-

292 2501 431 2566 tinetur.
474 2501 595 2568 Omnia
626 2502 740 2588 itaque
769 2518 898 2568 natura·
915 2525 1001 2589 quae
1031 2525 1049 2566 a
1076 2501 1193 2588 primia
1223 2522 1335 2588 usque
1362 2504 1397 2566 ad

292 2581 468 2655 noviffima
498 2585 672 2670 pervenit,
708 2589 774 2650 una
805 2588 975 2672 quaedam·
1000 2607 1078 2663 vere
1099 2583 1267 2650 existentia
1289 2585 1397 2672 imago

293 2668 357 2746 οὓς
379 2667 450 2756 ipsa
470 2685 551 2753 vero
571 2667 608 2734 in
630 2671 815 2734 masculum
838 2685 871 2734 et
893 2668 1076 2736 foeminam
1094 2667 1227 2754 generis
1245 2667 1396 2734 differen-
1430 2661 1431 2736 l

214 2779 229 2808 x
293 2751 341 2818 tia
371 2748 548 2818 noviffime
569 2749 801 2818 constitutioni
822 2752 1033 2818 formationis
1056 2755 1185 2832 adjecta
1205 2751 1282 2816 eil.”
1324 2755 1396 2818 Pro

291 2835 374 2902 inde
395 2835 476 2902 fidei
494 2839 634 2902 uerbum
657 2834 902 2902 humanitatem
926 2835 1073 2921 accepit,
1096 2857 1168 2902 non
1183 2851 1313 2920 partem
1330 2842 1395 2916 ejus

191 2991 197 3004 ¹
292 2941 379 3008 quae
406 2923 498 2986 nulla
520 2921 582 2996 eli,
615 2921 671 2986 led
691 2919 922 2986 universaliter
943 2935 1048 2984 totam
1070 2917 1217 3005 accepit:
1250 2934 1287 2984 et
1306 2920 1332 2984 sr
1354 2936 1395 2983 to

241 3081 243 3088 y
292 3019 361 3070 tam
385 3003 531 3092 accepit;
565 3019 670 3071 totam
693 3004 846 3090 profecto
868 3001 904 3068 in
927 3002 1032 3100 seipso
1052 3001 1213 3075 restituit.
1237 3003 1394 3100 quoniam

289 3086 421 3174 inipso
443 3089 618 3154 restaurata
639 3087 716 3152 sunt
736 3086 869 3162 omnia,
893 3102 927 3152 et
947 3087 1033 3150 nihil
1057 3085 1277 3152 humanitatis
1320 3109 1393 3150 uam

290 3185 397 3236 totam
419 3171 571 3258 aceepit,
592 3169 764 3258 perpetuis
783 3169 904 3268 poenis
925 3167 1229 3258 insolubilibusque
1248 3109 1393 3234 maiitiae

186 3326 188 3331 ,
291 3275 392 3340 quam
415 3270 659 3332 tenuenturum
674 3254 843 3318 calamitas
864 3251 1029 3340 sequitur,
1053 3253 1194 3318 nexibus
1211 3251 1393 3318 obnoxium

291 3337 429 3424 reliquit
440 3333 507 3424 uin
523 3339 619 3402 nullo
638 3336 730 3402 enim
744 3339 880 3402 damnat
901 3341 993 3402 Deus
1014 3342 1108 3422 quod
1128 3335 1222 3408 fecit.
1239 3337 1393 3422 sedquod

291 3442 364 3486 nou
381 3420 473 3496 iecit,
491 3419 606 3506 punita
626 3421 710 3484 Nam
729 3435 763 3484 at
781 3419 1083 3508 praevaricantium
1098 3421 1294 3506 angelorum
1303 3437 1394 3484 natu·

125 3504 127 3514 ’
191 3555 193 3562 ,
275 3511 447 3603 Δξτῑιιῃιοιι
462 3503 655 3603 puniunee
668 3503 850 3590 puniturus
866 3503 930 3602 est3
953 3503 1087 3570 illorum
1099 3519 1180 3568 vero
1191 3503 1354 3570 malitiam
1364 3517 1394 3566 et

157 3735 164 3750 .
290 3601 875 3738 ffd¹tlitldtlullttltll
879 3589 1394 3766 :lt33335lllltffi551‘3‘lt

289 3753 356 3818 erit
383 3771 517 3820 aeterna
549 3754 740 3830 damnatio,
777 3756 854 3820 suae
882 3753 1030 3822 malinae
1051 3753 1303 3853 impietatisque
1323 3751 1393 3818 uui·

290 3835 427 3902 versalia
461 3837 616 3905 abolitio·
656 3843 748 3904 Inter
769 3841 860 3904 haec
892 3837 1008 3924 itaque
1027 3838 1087 3904 fibi
1107 3831 1258 3904 rnvieem
1278 3857 1393 3924 repug·
1430 3901 1431 3924 χ

291 3919 422 3996 nantia,
454 3922 560 3987 veluti
590 3921 680 3988 inter
710 3919 887 3988 aestuantis
915 3922 1036 3988 oceani
1073 3924 1196 3988 fluetus
1218 3936 1393 4008 cautesque
1430 3933 1431 3948 ³

314 4025 373 4070 uas
393 4004 537 4072 allidunt
558 4006 718 4082 afflictus,
738 4007 843 4094 longa
864 4021 898 4070 et
917 4005 1143 4080 inextricabili
1156 4003 1391 4070 deliberatione
1430 4027 1431 4070 l

291 4027 450 4176 irrigatus
483 4091 691 4166 convolvor,
726 4093 921 4178 nullamque
950 4089 1040 4156 viam
1068 4088 1235 4154 euadendi
1254 4087 1389 4176 reperio.
1430 4095 1431 4188 l

291 4171 327 4240 si
349 4171 440 4255 enim
461 4172 670 4242 utbreviter
691 4175 846 4262 colligam
866 4195 951 4261 quae
965 4175 1031 4242 late
1045 4171 1196 4262 superine
1208 4170 1388 4242 dictatum,
1430 4207 1431 4244 3
