<?xml version="1.0" encoding="UTF-8"?>
<!DOCTYPE html PUBLIC "-//W3C//DTD XHTML 1.0 Transitional//EN"
    "http://www.w3.org/TR/xhtml1/DTD/xhtml1-transitional.dtd">
<html xmlns="http://www.w3.org/1999/xhtml" xml:lang="en" lang="en">
 <head>
  <title>
</title>
<meta http-equiv="Content-Type" content="text/html;charset=utf-8" />
  <meta name='ocr-system' content='tesseract 3.04.00' />
  <meta name='ocr-capabilities' content='ocr_page ocr_carea ocr_par ocr_line ocrx_word'/>
</head>
<body>
  <div class='ocr_page' id='page_1' title='image "./dedivisionenatu00eriggoog_0476.png"; bbox 0 0 2970 4826; ppageno 0'>
   <div class='ocr_carea' id='block_1_1' title="bbox 458 247 1153 332">
    <p class='ocr_par' dir='ltr' id='par_1_1' title="bbox 458 247 1153 332">
     <span class='ocr_line' id='line_1_1' title="bbox 458 247 1153 332; baseline 0 -12"><span class='ocrx_word' id='word_1_1' title='bbox 458 249 566 320; x_wconf 76' lang='lat' dir='ltr'><strong>Liber</strong></span> <span class='ocrx_word' id='word_1_2' title='bbox 587 249 753 332; x_wconf 70' lang='lat' dir='ltr'><strong>Quium·</strong></span> <span class='ocrx_word' id='word_1_3' title='bbox 1075 247 1153 320; x_wconf 74' lang='lat'><strong>439</strong></span> 
     </span>
    </p>
   </div>
   <div class='ocr_carea' id='block_1_2' title="bbox 47 411 1266 2440">
    <p class='ocr_par' dir='ltr' id='par_1_2' title="bbox 48 411 1266 1764">
     <span class='ocr_line' id='line_1_2' title="bbox 49 411 1152 520; baseline 0.005 -23"><span class='ocrx_word' id='word_1_4' title='bbox 49 434 88 498; x_wconf 83' lang='lat' dir='ltr'><strong>tia</strong></span> <span class='ocrx_word' id='word_1_5' title='bbox 109 431 360 518; x_wconf 78' lang='lat' dir='ltr'><strong>cor-puralibua.</strong></span> <span class='ocrx_word' id='word_1_6' title='bbox 390 447 424 496; x_wconf 85' lang='lat' dir='ltr'><strong>et</strong></span> <span class='ocrx_word' id='word_1_7' title='bbox 445 432 571 510; x_wconf 83' lang='lat' dir='ltr'><strong>sutura,</strong></span> <span class='ocrx_word' id='word_1_8' title='bbox 607 453 694 520; x_wconf 84' lang='lat' dir='ltr'><strong>quae</strong></span> <span class='ocrx_word' id='word_1_9' title='bbox 713 431 771 498; x_wconf 91' lang='lat' dir='ltr'><strong>illa</strong></span> <span class='ocrx_word' id='word_1_10' title='bbox 788 411 968 516; x_wconf 73' lang='lat' dir='ltr'><strong>componit</strong></span> <span class='ocrx_word' id='word_1_11' title='bbox 987 433 1152 504; x_wconf 76' lang='lat' dir='ltr'><strong>elemema</strong></span> 
     </span>
     <span class='ocr_line' id='line_1_3' title="bbox 49 513 1152 602; baseline 0.002 -22"><span class='ocrx_word' id='word_1_12' title='bbox 49 533 76 580; x_wconf 80' lang='lat' dir='ltr'><strong>et</strong></span> <span class='ocrx_word' id='word_1_13' title='bbox 98 513 291 587; x_wconf 77' lang='lat' dir='ltr'><strong>formificat.</strong></span> <span class='ocrx_word' id='word_1_14' title='bbox 333 514 453 583; x_wconf 75' lang='lat' dir='ltr'><strong>Anima</strong></span> <span class='ocrx_word' id='word_1_15' title='bbox 473 537 608 602; x_wconf 85' lang='lat' dir='ltr'><strong>quoque</strong></span> <span class='ocrx_word' id='word_1_16' title='bbox 629 513 783 602; x_wconf 85' lang='lat' dir='ltr'><strong>quinario</strong></span> <span class='ocrx_word' id='word_1_17' title='bbox 804 535 946 580; x_wconf 82' lang='lat' dir='ltr'><strong>nurnero</strong></span> <span class='ocrx_word' id='word_1_18' title='bbox 966 537 1038 582; x_wconf 90' lang='lat' dir='ltr'><strong>non</strong></span> <span class='ocrx_word' id='word_1_19' title='bbox 1057 515 1152 582; x_wconf 86' lang='lat' dir='ltr'><strong>disso-</strong></span> 
     </span>
     <span class='ocr_line' id='line_1_4' title="bbox 49 596 1152 686; baseline 0 -22"><span class='ocrx_word' id='word_1_20' title='bbox 49 615 122 664; x_wconf 70' lang='lat' dir='ltr'><strong>nat·</strong></span> <span class='ocrx_word' id='word_1_21' title='bbox 158 598 306 667; x_wconf 84' lang='lat' dir='ltr'><strong>Sublislit</strong></span> <span class='ocrx_word' id='word_1_22' title='bbox 337 621 414 667; x_wconf 87' lang='lat' dir='ltr'><strong>uara</strong></span> <span class='ocrx_word' id='word_1_23' title='bbox 439 621 482 664; x_wconf 89' lang='lat' dir='ltr'><strong>ua</strong></span> <span class='ocrx_word' id='word_1_24' title='bbox 510 599 697 664; x_wconf 71' lang='lat' dir='ltr'><strong>intellecta</strong></span> <span class='ocrx_word' id='word_1_25' title='bbox 717 614 753 664; x_wconf 89' lang='lat' dir='ltr'><strong>et</strong></span> <span class='ocrx_word' id='word_1_26' title='bbox 779 596 927 674; x_wconf 87' lang='lat' dir='ltr'><strong>ratione,</strong></span> <span class='ocrx_word' id='word_1_27' title='bbox 963 615 998 666; x_wconf 82' lang='lat' dir='ltr'><strong>et</strong></span> <span class='ocrx_word' id='word_1_28' title='bbox 1023 597 1152 686; x_wconf 83' lang='lat' dir='ltr'><strong>duplici</strong></span> 
     </span>
     <span class='ocr_line' id='line_1_5' title="bbox 49 619 1151 772; baseline 0.002 -26"><span class='ocrx_word' id='word_1_29' title='bbox 49 683 164 756; x_wconf 80' lang='lat' dir='ltr'><strong>seusu,</strong></span> <span class='ocrx_word' id='word_1_30' title='bbox 184 680 341 748; x_wconf 82' lang='lat' dir='ltr'><strong>interiori</strong></span> <span class='ocrx_word' id='word_1_31' title='bbox 362 619 572 769; x_wconf 75' lang='lat' dir='ltr'><strong>proiectoet</strong></span> <span class='ocrx_word' id='word_1_32' title='bbox 593 681 767 756; x_wconf 70' lang='lat' dir='ltr'>exteriori,</span> <span class='ocrx_word' id='word_1_33' title='bbox 791 679 954 767; x_wconf 66' lang='lat' dir='ltr'><strong>vitalique</strong></span> <span class='ocrx_word' id='word_1_34' title='bbox 971 699 1067 748; x_wconf 88' lang='lat' dir='ltr'><strong>motu</strong></span> <span class='ocrx_word' id='word_1_35' title='bbox 1083 703 1151 772; x_wconf 69' lang='lat' dir='ltr'><strong>quo</strong></span> 
     </span>
     <span class='ocr_line' id='line_1_6' title="bbox 49 763 1151 852; baseline -0.002 -22"><span class='ocrx_word' id='word_1_36' title='bbox 49 787 166 852; x_wconf 80' lang='lat' dir='ltr'><strong>rorpua</strong></span> <span class='ocrx_word' id='word_1_37' title='bbox 189 765 444 838; x_wconf 79' lang='lat' dir='ltr'><strong>administratur.</strong></span> <span class='ocrx_word' id='word_1_38' title='bbox 486 765 665 833; x_wconf 86' lang='lat' dir='ltr'><strong>Denariana</strong></span> <span class='ocrx_word' id='word_1_39' title='bbox 689 763 836 830; x_wconf 84' lang='lat' dir='ltr'><strong>hominia</strong></span> <span class='ocrx_word' id='word_1_40' title='bbox 852 765 1074 849; x_wconf 70' lang='lat' dir='ltr'><strong>quantitatem</strong></span> <span class='ocrx_word' id='word_1_41' title='bbox 1096 769 1151 828; x_wconf 81' lang='lat' dir='ltr'><strong>lra-</strong></span> 
     </span>
     <span class='ocr_line' id='line_1_7' title="bbox 49 847 1150 936; baseline -0.001 -24"><span class='ocrx_word' id='word_1_42' title='bbox 49 871 119 924; x_wconf 80' lang='lat' dir='ltr'><strong>rea,</strong></span> <span class='ocrx_word' id='word_1_43' title='bbox 142 865 185 912; x_wconf 84' lang='lat' dir='ltr'><strong>ut</strong></span> <span class='ocrx_word' id='word_1_44' title='bbox 205 848 353 936; x_wconf 75' lang='lat' dir='ltr'><strong>opinor:</strong></span> <span class='ocrx_word' id='word_1_45' title='bbox 376 871 462 934; x_wconf 79' lang='lat' dir='ltr'><strong>quae</strong></span> <span class='ocrx_word' id='word_1_46' title='bbox 481 849 669 916; x_wconf 85' lang='lat' dir='ltr'><strong>conditoria</strong></span> <span class='ocrx_word' id='word_1_47' title='bbox 691 864 726 912; x_wconf 81' lang='lat' dir='ltr'><strong>et</strong></span> <span class='ocrx_word' id='word_1_48' title='bbox 745 847 941 915; x_wconf 76' lang='lat' dir='ltr'>redemtoris</span> <span class='ocrx_word' id='word_1_49' title='bbox 963 849 1013 914; x_wconf 88' lang='lat' dir='ltr'><strong>sai</strong></span> <span class='ocrx_word' id='word_1_50' title='bbox 1034 847 1150 936; x_wconf 81' lang='lat' dir='ltr'><strong>gratia.</strong></span> 
     </span>
     <span class='ocr_line' id='line_1_8' title="bbox 49 929 1152 1078; baseline 0 -82"><span class='ocrx_word' id='word_1_51' title='bbox 49 931 212 996; x_wconf 86' lang='lat' dir='ltr'><strong>le.omni</strong></span> <span class='ocrx_word' id='word_1_52' title='bbox 242 930 454 1017; x_wconf 87' lang='lat' dir='ltr'><strong>superaddita</strong></span> <span class='ocrx_word' id='word_1_53' title='bbox 475 933 533 998; x_wconf 86' lang='lat' dir='ltr'><strong>sibi</strong></span> <span class='ocrx_word' id='word_1_54' title='bbox 555 930 685 998; x_wconf 86' lang='lat' dir='ltr'><strong>miseria</strong></span> <span class='ocrx_word' id='word_1_55' title='bbox 707 929 813 998; x_wconf 85' lang='lat' dir='ltr'><strong>veluti</strong></span> <span class='ocrx_word' id='word_1_56' title='bbox 835 934 877 996; x_wconf 91' lang='lat' dir='ltr'><strong>de</strong></span> <span class='ocrx_word' id='word_1_57' title='bbox 893 935 1040 1078; x_wconf 77' lang='lat' dir='ltr'><strong>quadam</strong></span> <span class='ocrx_word' id='word_1_58' title='bbox 1061 933 1152 1017; x_wconf 85' lang='lat' dir='ltr'><strong>lepra</strong></span> 
     </span>
     <span class='ocr_line' id='line_1_9' title="bbox 48 1013 1266 1100; baseline -0.001 -21"><span class='ocrx_word' id='word_1_59' title='bbox 48 1013 260 1090; x_wconf 18' lang='lat' dir='ltr'><strong>liberabitur,</strong></span> <span class='ocrx_word' id='word_1_60' title='bbox 284 1013 374 1080; x_wconf 86' lang='lat' dir='ltr'><strong>etin</strong></span> <span class='ocrx_word' id='word_1_61' title='bbox 397 1016 596 1082; x_wconf 85' lang='lat' dir='ltr'><strong>unumredi</strong></span> <span class='ocrx_word' id='word_1_62' title='bbox 622 1023 714 1080; x_wconf 74' lang='lat' dir='ltr'><strong>tturt</strong></span> <span class='ocrx_word' id='word_1_63' title='bbox 740 1031 870 1088; x_wconf 81' lang='lat' dir='ltr'><strong>utnon</strong></span> <span class='ocrx_word' id='word_1_64' title='bbox 916 1015 1029 1080; x_wconf 86' lang='lat' dir='ltr'><strong>enaria</strong></span> <span class='ocrx_word' id='word_1_65' title='bbox 1049 1036 1153 1100; x_wconf 91' lang='lat' dir='ltr'><strong>quan·</strong></span> <span class='ocrx_word' id='word_1_66' title='bbox 1262 1057 1266 1068; x_wconf 93' lang='lat'><em>.</em></span> 
     </span>
     <span class='ocr_line' id='line_1_10' title="bbox 48 1039 1233 1184; baseline 0.002 -24"><span class='ocrx_word' id='word_1_67' title='bbox 48 1097 140 1174; x_wconf 81' lang='lat' dir='ltr'><strong>itae,</strong></span> <span class='ocrx_word' id='word_1_68' title='bbox 175 1099 234 1164; x_wconf 86' lang='lat' dir='ltr'><strong>sed</strong></span> <span class='ocrx_word' id='word_1_69' title='bbox 263 1098 360 1164; x_wconf 84' lang='lat' dir='ltr'><strong>solua.</strong></span> <span class='ocrx_word' id='word_1_70' title='bbox 384 1097 576 1164; x_wconf 78' lang='lat' dir='ltr'><strong>intellectuat</strong></span> <span class='ocrx_word' id='word_1_71' title='bbox 598 1039 758 1184; x_wconf 71' lang='lat' dir='ltr'><strong>implicit</strong></span> <span class='ocrx_word' id='word_1_72' title='bbox 787 1095 939 1162; x_wconf 74' lang='lat' dir='ltr'><strong>veritatis</strong></span> <span class='ocrx_word' id='word_1_73' title='bbox 969 1119 1053 1184; x_wconf 90' lang='lat' dir='ltr'><strong>pura</strong></span> <span class='ocrx_word' id='word_1_74' title='bbox 1074 1117 1153 1162; x_wconf 87' lang='lat' dir='ltr'><strong>con·</strong></span> <span class='ocrx_word' id='word_1_75' title='bbox 1220 1135 1233 1152; x_wconf 55' lang='grc' dir='ltr'><em>ι</em></span> 
     </span>
     <span class='ocr_line' id='line_1_11' title="bbox 48 1179 1153 1268; baseline 0.002 -24"><span class='ocrx_word' id='word_1_76' title='bbox 48 1180 269 1266; x_wconf 77' lang='lat' dir='ltr'><strong>templatione</strong></span> <span class='ocrx_word' id='word_1_77' title='bbox 290 1180 407 1246; x_wconf 82' lang='lat' dir='ltr'><strong>unitur</strong></span> <span class='ocrx_word' id='word_1_78' title='bbox 429 1197 614 1248; x_wconf 80' lang='lat' dir='ltr'><strong>remaneat:</strong></span> <span class='ocrx_word' id='word_1_79' title='bbox 660 1183 729 1246; x_wconf 90' lang='lat' dir='ltr'><strong>uod</strong></span> <span class='ocrx_word' id='word_1_80' title='bbox 744 1179 920 1268; x_wconf 78' lang='lat' dir='ltr'><strong>significari</strong></span> <span class='ocrx_word' id='word_1_81' title='bbox 937 1181 1079 1248; x_wconf 76' lang='lat' dir='ltr'>arbitror</span> <span class='ocrx_word' id='word_1_82' title='bbox 1092 1199 1153 1267; x_wconf 80' lang='lat' dir='ltr'><strong>per</strong></span> 
     </span>
     <span class='ocr_line' id='line_1_12' title="bbox 48 1205 1153 1360; baseline 0.002 -34"><span class='ocrx_word' id='word_1_83' title='bbox 48 1265 153 1360; x_wconf 75' lang='lat' dir='ltr'><strong>ipsum</strong></span> <span class='ocrx_word' id='word_1_84' title='bbox 175 1265 364 1348; x_wconf 82' lang='lat' dir='ltr'><strong>leprosum.</strong></span> <span class='ocrx_word' id='word_1_85' title='bbox 390 1265 448 1353; x_wconf 87' lang='lat' dir='ltr'><strong>qui</strong></span> <span class='ocrx_word' id='word_1_86' title='bbox 470 1267 559 1330; x_wconf 89' lang='lat' dir='ltr'><strong>solua</strong></span> <span class='ocrx_word' id='word_1_87' title='bbox 580 1268 622 1330; x_wconf 91' lang='lat' dir='ltr'><strong>ad</strong></span> <span class='ocrx_word' id='word_1_88' title='bbox 637 1205 1060 1338; x_wconf 74' lang='lat' dir='ltr'><strong>ilominumreversuaall,</strong></span> <span class='ocrx_word' id='word_1_89' title='bbox 1084 1265 1153 1350; x_wconf 61' lang='lat' dir='ltr'><strong>glof</strong></span> 
     </span>
     <span class='ocr_line' id='line_1_13' title="bbox 48 1343 1153 1416; baseline 0 -6"><span class='ocrx_word' id='word_1_90' title='bbox 48 1369 125 1412; x_wconf 71' lang='lat' dir='ltr'><strong>:ram</strong></span> <span class='ocrx_word' id='word_1_91' title='bbox 158 1351 236 1412; x_wconf 90' lang='lat' dir='ltr'><strong>Deo</strong></span> <span class='ocrx_word' id='word_1_92' title='bbox 266 1351 307 1414; x_wconf 85' lang='lat' dir='ltr'><strong>tle</strong></span> <span class='ocrx_word' id='word_1_93' title='bbox 329 1349 386 1415; x_wconf 85' lang='lat' dir='ltr'><strong>sua</strong></span> <span class='ocrx_word' id='word_1_94' title='bbox 407 1348 630 1416; x_wconf 86' lang='lat' dir='ltr'><strong>mundatione</strong></span> <span class='ocrx_word' id='word_1_95' title='bbox 651 1349 819 1412; x_wconf 63' lang='lat' dir='ltr'><strong>referenti</strong></span> <span class='ocrx_word' id='word_1_96' title='bbox 852 1368 891 1412; x_wconf 86' lang='lat' dir='ltr'><strong>ac</strong></span> <span class='ocrx_word' id='word_1_97' title='bbox 910 1343 1017 1412; x_wconf 85' lang='lat' dir='ltr'><strong>veluti</strong></span> <span class='ocrx_word' id='word_1_98' title='bbox 1039 1345 1153 1411; x_wconf 84' lang='lat' dir='ltr'><strong>alieni·</strong></span> 
     </span>
     <span class='ocr_line' id='line_1_14' title="bbox 48 1427 1153 1518; baseline -0.004 -22"><span class='ocrx_word' id='word_1_99' title='bbox 48 1453 129 1516; x_wconf 72' lang='lat' dir='ltr'><strong>gena</strong></span> <span class='ocrx_word' id='word_1_100' title='bbox 161 1434 205 1496; x_wconf 83' lang='lat' dir='ltr'><strong>de</strong></span> <span class='ocrx_word' id='word_1_101' title='bbox 233 1430 481 1518; x_wconf 77' lang='lat' dir='ltr'><strong>longinquitate</strong></span> <span class='ocrx_word' id='word_1_102' title='bbox 504 1429 778 1498; x_wconf 86' lang='lat' dir='ltr'><strong>dillimilitudiuia</strong></span> <span class='ocrx_word' id='word_1_103' title='bbox 801 1429 950 1512; x_wconf 75' lang='lat' dir='ltr'><strong>retiam„</strong></span> <span class='ocrx_word' id='word_1_104' title='bbox 983 1427 1153 1494; x_wconf 87' lang='lat' dir='ltr'><strong>liberatori</strong></span> 
     </span>
     <span class='ocr_line' id='line_1_15' title="bbox 48 1512 1152 1599; baseline -0.004 -21"><span class='ocrx_word' id='word_1_105' title='bbox 48 1529 75 1578; x_wconf 78' lang='lat' dir='ltr'><strong>tt</strong></span> <span class='ocrx_word' id='word_1_106' title='bbox 92 1514 285 1599; x_wconf 82' lang='lat' dir='ltr'><strong>purgatori</strong></span> <span class='ocrx_word' id='word_1_107' title='bbox 318 1515 377 1580; x_wconf 88' lang='lat' dir='ltr'><strong>suo</strong></span> <span class='ocrx_word' id='word_1_108' title='bbox 409 1517 608 1582; x_wconf 81' lang='lat' dir='ltr'><strong>adhaeserat.</strong></span> <span class='ocrx_word' id='word_1_109' title='bbox 654 1512 766 1580; x_wconf 83' lang='lat' dir='ltr'><strong>Ceteri</strong></span> <span class='ocrx_word' id='word_1_110' title='bbox 794 1531 906 1580; x_wconf 83' lang='lat' dir='ltr'><strong>autern</strong></span> <span class='ocrx_word' id='word_1_111' title='bbox 934 1535 1056 1578; x_wconf 77' lang='lat' dir='ltr'><strong>novom</strong></span> <span class='ocrx_word' id='word_1_112' title='bbox 1081 1514 1152 1576; x_wconf 78' lang='lat' dir='ltr'><strong>tlon</strong></span> 
     </span>
     <span class='ocr_line' id='line_1_16' title="bbox 48 1585 1153 1764; baseline 0 -22"><span class='ocrx_word' id='word_1_113' title='bbox 48 1596 259 1746; x_wconf 69' lang='lat' dir='ltr'><strong>turult</strong></span> <span class='ocrx_word' id='word_1_114' title='bbox 279 1598 490 1748; x_wconf 69' lang='lat' dir='ltr'><strong>lutra</strong></span> <span class='ocrx_word' id='word_1_115' title='bbox 507 1597 667 1746; x_wconf 65' lang='lat' dir='ltr'><strong>ultr</strong></span> <span class='ocrx_word' id='word_1_116' title='bbox 684 1585 975 1746; x_wconf 67' lang='lat' dir='ltr'><strong>lutura:</strong></span> <span class='ocrx_word' id='word_1_117' title='bbox 994 1595 1153 1764; x_wconf 57' lang='lat' dir='ltr'><strong>ullu</strong></span> 
     </span>
     <span class='ocr_line' id='line_1_17' title="bbox 495 1725 990 1757; baseline -0.01 0"><span class='ocrx_word' id='word_1_118' title='bbox 495 1727 506 1757; x_wconf 62' lang='grc' dir='ltr'>ἱ</span> <span class='ocrx_word' id='word_1_119' title='bbox 980 1725 990 1752; x_wconf 68' lang='grc'><strong>9</strong></span> 
     </span>
    </p>

    <p class='ocr_par' dir='ltr' id='par_1_3' title="bbox 48 1759 1153 1910">
     <span class='ocr_line' id='line_1_18' title="bbox 48 1759 1153 1859; baseline 0 -34"><span class='ocrx_word' id='word_1_120' title='bbox 48 1765 141 1859; x_wconf 81' lang='lat' dir='ltr'><strong>llum</strong></span> <span class='ocrx_word' id='word_1_121' title='bbox 164 1763 271 1829; x_wconf 88' lang='lat' dir='ltr'><strong>solum</strong></span> <span class='ocrx_word' id='word_1_122' title='bbox 290 1763 502 1830; x_wconf 85' lang='lat' dir='ltr'><strong>intellectum</strong></span> <span class='ocrx_word' id='word_1_123' title='bbox 525 1785 593 1852; x_wconf 91' lang='lat' dir='ltr'><strong>quo</strong></span> <span class='ocrx_word' id='word_1_124' title='bbox 617 1765 809 1830; x_wconf 84' lang='lat' dir='ltr'><strong>Creatorem</strong></span> <span class='ocrx_word' id='word_1_125' title='bbox 831 1763 926 1828; x_wconf 86' lang='lat' dir='ltr'><strong>suurn</strong></span> <span class='ocrx_word' id='word_1_126' title='bbox 949 1759 1153 1848; x_wconf 77' lang='lat' dir='ltr'><strong>contempla·</strong></span> 
     </span>
     <span class='ocr_line' id='line_1_19' title="bbox 48 1861 373 1910; baseline -0.018 0"><span class='ocrx_word' id='word_1_127' title='bbox 48 1861 147 1910; x_wconf 85' lang='lat' dir='ltr'><strong>ntur.</strong></span> <span class='ocrx_word' id='word_1_128' title='bbox 316 1863 320 1874; x_wconf 94' lang='lat'><em>·</em></span> <span class='ocrx_word' id='word_1_129' title='bbox 371 1895 373 1904; x_wconf 30' lang='lat' dir='ltr'><strong>t</strong></span> 
     </span>
    </p>

    <p class='ocr_par' dir='ltr' id='par_1_4' title="bbox 47 1927 1155 2440">
     <span class='ocr_line' id='line_1_20' title="bbox 104 1927 1154 2014; baseline -0.002 -20"><span class='ocrx_word' id='word_1_130' title='bbox 104 1944 137 2006; x_wconf 87' lang='lat'><strong>7.</strong></span> <span class='ocrx_word' id='word_1_131' title='bbox 163 1930 232 1994; x_wconf 82' lang='lat' dir='ltr'><strong>Sed</strong></span> <span class='ocrx_word' id='word_1_132' title='bbox 253 1943 431 2014; x_wconf 84' lang='lat' dir='ltr'><strong>autequam</strong></span> <span class='ocrx_word' id='word_1_133' title='bbox 454 1931 496 1996; x_wconf 84' lang='lat' dir='ltr'><strong>de</strong></span> <span class='ocrx_word' id='word_1_134' title='bbox 541 1928 718 2014; x_wconf 78' lang='lat' dir='ltr'><strong>urgatioue</strong></span> <span class='ocrx_word' id='word_1_135' title='bbox 734 1945 873 1996; x_wconf 84' lang='lat' dir='ltr'><strong>naturae</strong></span> <span class='ocrx_word' id='word_1_136' title='bbox 891 1931 1075 2002; x_wconf 82' lang='lat' dir='ltr'><strong>humanae,</strong></span> <span class='ocrx_word' id='word_1_137' title='bbox 1099 1927 1154 1992; x_wconf 82' lang='lat' dir='ltr'><strong>de·</strong></span> 
     </span>
     <span class='ocr_line' id='line_1_21' title="bbox 48 2009 1154 2098; baseline -0.002 -22"><span class='ocrx_word' id='word_1_138' title='bbox 48 2034 111 2098; x_wconf 86' lang='lat' dir='ltr'><strong>que</strong></span> <span class='ocrx_word' id='word_1_139' title='bbox 141 2009 350 2078; x_wconf 70' lang='lat' dir='ltr'><strong>adunatione</strong></span> <span class='ocrx_word' id='word_1_140' title='bbox 378 2011 479 2097; x_wconf 83' lang='lat' dir='ltr'><strong>ipliua</strong></span> <span class='ocrx_word' id='word_1_141' title='bbox 533 2011 636 2076; x_wconf 87' lang='lat' dir='ltr'><strong>birnet</strong></span> <span class='ocrx_word' id='word_1_142' title='bbox 666 2027 699 2075; x_wconf 87' lang='lat' dir='ltr'><strong>et</strong></span> <span class='ocrx_word' id='word_1_143' title='bbox 720 2010 889 2076; x_wconf 87' lang='lat' dir='ltr'><strong>conditori</strong></span> <span class='ocrx_word' id='word_1_144' title='bbox 911 2011 969 2076; x_wconf 89' lang='lat' dir='ltr'><strong>suo</strong></span> <span class='ocrx_word' id='word_1_145' title='bbox 991 2013 1033 2074; x_wconf 87' lang='lat' dir='ltr'><strong>ad</strong></span> <span class='ocrx_word' id='word_1_146' title='bbox 1058 2014 1154 2094; x_wconf 82' lang='lat' dir='ltr'><strong>cujua</strong></span> 
     </span>
     <span class='ocr_line' id='line_1_22' title="bbox 48 2091 1154 2181; baseline -0.004 -19"><span class='ocrx_word' id='word_1_147' title='bbox 48 2094 232 2181; x_wconf 81' lang='lat' dir='ltr'><strong>imaginem</strong></span> <span class='ocrx_word' id='word_1_148' title='bbox 261 2093 349 2158; x_wconf 88' lang='lat' dir='ltr'><strong>sacta</strong></span> <span class='ocrx_word' id='word_1_149' title='bbox 381 2093 445 2168; x_wconf 84' lang='lat' dir='ltr'><strong>eli,</strong></span> <span class='ocrx_word' id='word_1_150' title='bbox 475 2109 672 2162; x_wconf 81' lang='lat' dir='ltr'><strong>tractemutt</strong></span> <span class='ocrx_word' id='word_1_151' title='bbox 700 2093 838 2180; x_wconf 63' lang='lat' dir='ltr'><strong>‘de‘ipso</strong></span> <span class='ocrx_word' id='word_1_152' title='bbox 857 2091 971 2158; x_wconf 83' lang='lat' dir='ltr'><strong>reditu</strong></span> <span class='ocrx_word' id='word_1_153' title='bbox 991 2093 1154 2178; x_wconf 77' lang='lat' dir='ltr'><strong>quaedam</strong></span> 
     </span>
     <span class='ocr_line' id='line_1_23' title="bbox 48 2173 1154 2270; baseline -0.004 -27"><span class='ocrx_word' id='word_1_154' title='bbox 48 2177 193 2250; x_wconf 81' lang='lat' dir='ltr'><strong>dicenda</strong></span> <span class='ocrx_word' id='word_1_155' title='bbox 213 2177 282 2246; x_wconf 78' lang='lat' dir='ltr'><strong>,effe</strong></span> <span class='ocrx_word' id='word_1_156' title='bbox 311 2197 382 2242; x_wconf 87' lang='lat' dir='ltr'><strong>non</strong></span> <span class='ocrx_word' id='word_1_157' title='bbox 410 2175 636 2262; x_wconf 82' lang='lat' dir='ltr'><strong>incongruum</strong></span> <span class='ocrx_word' id='word_1_158' title='bbox 666 2175 825 2242; x_wconf 80' lang='lat' dir='ltr'><strong>artissimo.</strong></span> <span class='ocrx_word' id='word_1_159' title='bbox 868 2173 937 2246; x_wconf 85' lang='lat' dir='ltr'><strong>Nisr</strong></span> <span class='ocrx_word' id='word_1_160' title='bbox 965 2176 1056 2238; x_wconf 88' lang='lat' dir='ltr'><strong>enim</strong></span> <span class='ocrx_word' id='word_1_161' title='bbox 1079 2174 1154 2270; x_wconf 92' lang='lat' dir='ltr'><strong>quia</strong></span> 
     </span>
     <span class='ocr_line' id='line_1_24' title="bbox 47 2257 1154 2347; baseline -0.002 -23"><span class='ocrx_word' id='word_1_162' title='bbox 47 2260 140 2346; x_wconf 85' lang='lat' dir='ltr'><strong>priua</strong></span> <span class='ocrx_word' id='word_1_163' title='bbox 173 2259 318 2327; x_wconf 83' lang='lat' dir='ltr'><strong>edisserit</strong></span> <span class='ocrx_word' id='word_1_164' title='bbox 345 2259 501 2347; x_wconf 80' lang='lat' dir='ltr'><strong>quorsum</strong></span> <span class='ocrx_word' id='word_1_165' title='bbox 531 2257 689 2337; x_wconf 61' lang='lat' dir='ltr'><strong>cecidit„</strong></span> <span class='ocrx_word' id='word_1_166' title='bbox 707 2275 741 2340; x_wconf 74' lang='lat' dir='ltr'><strong>et</strong></span> <span class='ocrx_word' id='word_1_167' title='bbox 770 2261 862 2324; x_wconf 85' lang='lat' dir='ltr'><strong>tande</strong></span> <span class='ocrx_word' id='word_1_168' title='bbox 882 2258 1006 2344; x_wconf 87' lang='lat' dir='ltr'><strong>incipit</strong></span> <span class='ocrx_word' id='word_1_169' title='bbox 1026 2259 1154 2322; x_wconf 82' lang='lat' dir='ltr'><strong>radatur</strong></span> 
     </span>
     <span class='ocr_line' id='line_1_25' title="bbox 47 2339 1155 2440; baseline -0.004 -32"><span class='ocrx_word' id='word_1_170' title='bbox 47 2358 205 2418; x_wconf 84' lang='lat' dir='ltr'><strong>naturae,</strong></span> <span class='ocrx_word' id='word_1_171' title='bbox 230 2359 263 2408; x_wconf 84' lang='lat' dir='ltr'><strong>et</strong></span> <span class='ocrx_word' id='word_1_172' title='bbox 284 2365 344 2440; x_wconf 79' lang='lat' dir='ltr'><strong>par</strong></span> <span class='ocrx_word' id='word_1_173' title='bbox 365 2365 448 2430; x_wconf 86' lang='lat' dir='ltr'><strong>quot</strong></span> <span class='ocrx_word' id='word_1_174' title='bbox 471 2345 592 2429; x_wconf 80' lang='lat' dir='ltr'><strong>gradata</strong></span> <span class='ocrx_word' id='word_1_175' title='bbox 614 2341 837 2414; x_wconf 63' lang='lat' dir='ltr'><strong>arcentium</strong></span> <span class='ocrx_word' id='word_1_176' title='bbox 854 2339 1096 2428; x_wconf 80' lang='lat' dir='ltr'><strong>quid&#39;appetit,</strong></span> <span class='ocrx_word' id='word_1_177' title='bbox 1120 2355 1155 2404; x_wconf 85' lang='lat' dir='ltr'><strong>et</strong></span> 
     </span>
    </p>
   </div>
   <div class='ocr_carea' id='block_1_3' title="bbox 47 2422 1291 2526">
    <p class='ocr_par' dir='ltr' id='par_1_5' title="bbox 47 2422 1291 2526">
     <span class='ocr_line' id='line_1_26' title="bbox 47 2422 1291 2526; baseline 0.002 -36"><span class='ocrx_word' id='word_1_178' title='bbox 47 2427 81 2494; x_wconf 93' lang='lat' dir='ltr'><strong>in</strong></span> <span class='ocrx_word' id='word_1_179' title='bbox 103 2449 174 2526; x_wconf 89' lang='lat' dir='ltr'><strong>quo</strong></span> <span class='ocrx_word' id='word_1_180' title='bbox 197 2427 335 2502; x_wconf 83' lang='lat' dir='ltr'><strong>desrntt.</strong></span> <span class='ocrx_word' id='word_1_181' title='bbox 360 2449 429 2492; x_wconf 90' lang='lat' dir='ltr'><strong>non</strong></span> <span class='ocrx_word' id='word_1_182' title='bbox 452 2425 549 2492; x_wconf 86' lang='lat' dir='ltr'><strong>sacile</strong></span> <span class='ocrx_word' id='word_1_183' title='bbox 571 2431 663 2513; x_wconf 88' lang='lat' dir='ltr'><strong>quod</strong></span> <span class='ocrx_word' id='word_1_184' title='bbox 685 2425 797 2490; x_wconf 79' lang='lat' dir='ltr'><strong>astruit</strong></span> <span class='ocrx_word' id='word_1_185' title='bbox 819 2425 981 2493; x_wconf 84' lang='lat' dir='ltr'><strong>suadebit.</strong></span> <span class='ocrx_word' id='word_1_186' title='bbox 1024 2427 1065 2486; x_wconf 91' lang='lat' dir='ltr'><strong>D.</strong></span> <span class='ocrx_word' id='word_1_187' title='bbox 1096 2422 1154 2491; x_wconf 89' lang='lat' dir='ltr'><strong>Nil</strong></span> <span class='ocrx_word' id='word_1_188' title='bbox 1288 2450 1291 2461; x_wconf 94' lang='lat'>·</span> 
     </span>
    </p>
   </div>
   <div class='ocr_carea' id='block_1_4' title="bbox 47 2507 1263 4254">
    <p class='ocr_par' dir='ltr' id='par_1_6' title="bbox 47 2507 1263 4013">
     <span class='ocr_line' id='line_1_27' title="bbox 47 2507 1263 2596; baseline -0.003 -20"><span class='ocrx_word' id='word_1_189' title='bbox 47 2531 180 2587; x_wconf 82' lang='lat' dir='ltr'><strong>venua,</strong></span> <span class='ocrx_word' id='word_1_190' title='bbox 218 2525 257 2578; x_wconf 87' lang='lat' dir='ltr'><strong>ut</strong></span> <span class='ocrx_word' id='word_1_191' title='bbox 284 2509 434 2576; x_wconf 84' lang='lat' dir='ltr'><strong>arbitror.</strong></span> <span class='ocrx_word' id='word_1_192' title='bbox 479 2510 563 2596; x_wconf 86' lang='lat' dir='ltr'><strong>Quia</strong></span> <span class='ocrx_word' id='word_1_193' title='bbox 593 2511 684 2576; x_wconf 86' lang='lat' dir='ltr'><strong>enim</strong></span> <span class='ocrx_word' id='word_1_194' title='bbox 713 2525 852 2574; x_wconf 84' lang='lat' dir='ltr'><strong>naturae</strong></span> <span class='ocrx_word' id='word_1_195' title='bbox 880 2507 1027 2574; x_wconf 88' lang='lat' dir='ltr'><strong>reditum</strong></span> <span class='ocrx_word' id='word_1_196' title='bbox 1055 2507 1155 2572; x_wconf 79' lang='lat' dir='ltr'><strong>facile</strong></span> <span class='ocrx_word' id='word_1_197' title='bbox 1261 2552 1263 2561; x_wconf 85' lang='lat'>·</span> 
     </span>
     <span class='ocr_line' id='line_1_28' title="bbox 47 2591 1154 2692; baseline 0.002 -36"><span class='ocrx_word' id='word_1_198' title='bbox 47 2593 202 2667; x_wconf 80' lang='lat' dir='ltr'><strong>suaserit,</strong></span> <span class='ocrx_word' id='word_1_199' title='bbox 233 2596 262 2658; x_wconf 88' lang='lat' dir='ltr'><strong>li</strong></span> <span class='ocrx_word' id='word_1_200' title='bbox 292 2616 363 2660; x_wconf 90' lang='lat' dir='ltr'><strong>non</strong></span> <span class='ocrx_word' id='word_1_201' title='bbox 385 2609 463 2660; x_wconf 83' lang='lat' dir='ltr'><strong>ante</strong></span> <span class='ocrx_word' id='word_1_202' title='bbox 484 2616 551 2692; x_wconf 90' lang='lat' dir='ltr'><strong>quo</strong></span> <span class='ocrx_word' id='word_1_203' title='bbox 573 2592 716 2669; x_wconf 77' lang='lat' dir='ltr'><strong>eccidit,</strong></span> <span class='ocrx_word' id='word_1_204' title='bbox 751 2609 785 2660; x_wconf 87' lang='lat' dir='ltr'><strong>et</strong></span> <span class='ocrx_word' id='word_1_205' title='bbox 806 2613 892 2678; x_wconf 83' lang='lat' dir='ltr'><strong>quo.</strong></span> <span class='ocrx_word' id='word_1_206' title='bbox 928 2607 962 2656; x_wconf 86' lang='lat' dir='ltr'><strong>et</strong></span> <span class='ocrx_word' id='word_1_207' title='bbox 983 2591 1154 2678; x_wconf 84' lang='lat' dir='ltr'><strong>quombdo</strong></span> 
     </span>
     <span class='ocr_line' id='line_1_29' title="bbox 47 2673 1179 2762; baseline -0.004 -22"><span class='ocrx_word' id='word_1_208' title='bbox 47 2677 217 2740; x_wconf 86' lang='lat' dir='ltr'><strong>reversura</strong></span> <span class='ocrx_word' id='word_1_209' title='bbox 245 2677 284 2740; x_wconf 89' lang='lat' dir='ltr'><strong>sit</strong></span> <span class='ocrx_word' id='word_1_210' title='bbox 311 2677 410 2742; x_wconf 82' lang='lat' dir='ltr'><strong>certia</strong></span> <span class='ocrx_word' id='word_1_211' title='bbox 440 2677 709 2746; x_wconf 81' lang='lat' dir='ltr'><strong>ratroeinationia</strong></span> <span class='ocrx_word' id='word_1_212' title='bbox 730 2673 1077 2762; x_wconf 81' lang='lat' dir='ltr'><strong>argumentationibua</strong></span> <span class='ocrx_word' id='word_1_213' title='bbox 1101 2683 1179 2760; x_wconf 87' lang='lat' dir='ltr'><strong>ap·&#39;</strong></span> 
     </span>
     <span class='ocr_line' id='line_1_30' title="bbox 69 2756 1156 2844; baseline 0 -22"><span class='ocrx_word' id='word_1_214' title='bbox 69 2759 227 2824; x_wconf 80' lang='lat' dir='ltr'><strong>robarit‘l</strong></span> <span class='ocrx_word' id='word_1_215' title='bbox 258 2761 306 2822; x_wconf 87' lang='grc' dir='ltr'><strong>Μ.</strong></span> <span class='ocrx_word' id='word_1_216' title='bbox 329 2761 425 2824; x_wconf 89' lang='lat' dir='ltr'><strong>Unde</strong></span> <span class='ocrx_word' id='word_1_217' title='bbox 448 2759 593 2830; x_wconf 76' lang='lat' dir='ltr'><strong>cecidit.</strong></span> <span class='ocrx_word' id='word_1_218' title='bbox 617 2776 650 2822; x_wconf 82' lang='lat' dir='ltr'><strong>et</strong></span> <span class='ocrx_word' id='word_1_219' title='bbox 672 2781 739 2844; x_wconf 91' lang='lat' dir='ltr'><strong>quo</strong></span> <span class='ocrx_word' id='word_1_220' title='bbox 761 2758 934 2844; x_wconf 82' lang='lat' dir='ltr'><strong>pervenit,</strong></span> <span class='ocrx_word' id='word_1_221' title='bbox 969 2757 1054 2822; x_wconf 80' lang='lat' dir='ltr'><strong>nulli</strong></span> <span class='ocrx_word' id='word_1_222' title='bbox 1076 2756 1156 2822; x_wconf 82' lang='lat' dir='ltr'><strong>fide·</strong></span> 
     </span>
     <span class='ocr_line' id='line_1_31' title="bbox 47 2784 1156 2927; baseline -0.001 -24"><span class='ocrx_word' id='word_1_223' title='bbox 47 2784 132 2906; x_wconf 81' lang='lat' dir='ltr'><strong>iiam</strong></span> <span class='ocrx_word' id='word_1_224' title='bbox 163 2840 376 2927; x_wconf 77' lang='lat' dir='ltr'><strong>incognitum</strong></span> <span class='ocrx_word' id='word_1_225' title='bbox 407 2839 468 2913; x_wconf 80' lang='lat' dir='ltr'><strong>est,</strong></span> <span class='ocrx_word' id='word_1_226' title='bbox 498 2841 662 2904; x_wconf 78' lang='lat' dir='ltr'><strong>Psalmisia</strong></span> <span class='ocrx_word' id='word_1_227' title='bbox 691 2842 842 2906; x_wconf 81' lang='lat' dir='ltr'><strong>dicenter</strong></span> <span class='ocrx_word' id='word_1_228' title='bbox 884 2845 992 2910; x_wconf 81' lang='lat' dir='ltr'><strong>Homo</strong></span> <span class='ocrx_word' id='word_1_229' title='bbox 1018 2853 1088 2905; x_wconf 80' lang='lat' dir='ltr'><strong>cum</strong></span> <span class='ocrx_word' id='word_1_230' title='bbox 1121 2842 1156 2902; x_wconf 84' lang='lat' dir='ltr'><strong>in</strong></span> 
     </span>
     <span class='ocr_line' id='line_1_32' title="bbox 48 2919 1157 3072; baseline -0.002 -84"><span class='ocrx_word' id='word_1_231' title='bbox 48 2927 169 2988; x_wconf 81' lang='lat' dir='ltr'><strong>bonore</strong></span> <span class='ocrx_word' id='word_1_232' title='bbox 189 2919 286 3016; x_wconf 74' lang='lat' dir='ltr'><strong>effer.</strong></span> <span class='ocrx_word' id='word_1_233' title='bbox 309 2947 372 2988; x_wconf 85' lang='lat' dir='ltr'><strong>non</strong></span> <span class='ocrx_word' id='word_1_234' title='bbox 393 2924 580 3000; x_wconf 65' lang='lat' dir='ltr'><strong>inusserit,</strong></span> <span class='ocrx_word' id='word_1_235' title='bbox 613 2939 821 3006; x_wconf 81' lang='lat' dir='ltr'><strong>comparatus</strong></span> <span class='ocrx_word' id='word_1_236' title='bbox 841 2923 1063 3072; x_wconf 54' lang='lat' dir='ltr'><strong>rijumentt&#39;o</strong></span> <span class='ocrx_word' id='word_1_237' title='bbox 1082 2919 1157 3012; x_wconf 83' lang='lat' dir='ltr'><strong>inst·</strong></span> 
     </span>
     <span class='ocr_line' id='line_1_33' title="bbox 47 3000 1157 3098; baseline 0 -26"><span class='ocrx_word' id='word_1_238' title='bbox 47 3008 236 3091; x_wconf 69' lang='lat' dir='ltr'><strong>trientibus,</strong></span> <span class='ocrx_word' id='word_1_239' title='bbox 267 3021 301 3072; x_wconf 83' lang='lat' dir='ltr'><strong>et</strong></span> <span class='ocrx_word' id='word_1_240' title='bbox 324 3005 448 3098; x_wconf 73' lang='lat' dir='ltr'><strong>similis</strong></span> <span class='ocrx_word' id='word_1_241' title='bbox 458 3000 581 3098; x_wconf 85' lang='lat' dir='ltr'><strong>factus</strong></span> <span class='ocrx_word' id='word_1_242' title='bbox 601 3023 649 3070; x_wconf 86' lang='lat' dir='ltr'><strong>et</strong></span> <span class='ocrx_word' id='word_1_243' title='bbox 670 3009 746 3072; x_wconf 84' lang='lat' dir='ltr'><strong>illis.</strong></span> <span class='ocrx_word' id='word_1_244' title='bbox 788 3011 840 3072; x_wconf 85' lang='lat' dir='ltr'><strong>De</strong></span> <span class='ocrx_word' id='word_1_245' title='bbox 855 3007 944 3072; x_wconf 85' lang='lat' dir='ltr'><strong>eruit</strong></span> <span class='ocrx_word' id='word_1_246' title='bbox 964 3007 1077 3092; x_wconf 82' lang='lat' dir='ltr'><strong>itaque</strong></span> <span class='ocrx_word' id='word_1_247' title='bbox 1098 3009 1157 3072; x_wconf 84' lang='lat' dir='ltr'><strong>ho·</strong></span> 
     </span>
     <span class='ocr_line' id='line_1_34' title="bbox 47 3085 1158 3178; baseline -0.002 -22"><span class='ocrx_word' id='word_1_248' title='bbox 47 3113 168 3158; x_wconf 86' lang='lat' dir='ltr'><strong>uorem</strong></span> <span class='ocrx_word' id='word_1_249' title='bbox 190 3089 325 3156; x_wconf 81' lang='lat' dir='ltr'><strong>divinae</strong></span> <span class='ocrx_word' id='word_1_250' title='bbox 345 3090 519 3178; x_wconf 63' lang='lat' dir='ltr'><strong>imaginim</strong></span> <span class='ocrx_word' id='word_1_251' title='bbox 551 3113 611 3158; x_wconf 86' lang='lat' dir='ltr'><strong>coe</strong></span> <span class='ocrx_word' id='word_1_252' title='bbox 626 3091 807 3176; x_wconf 83' lang='lat' dir='ltr'><strong>elliumque</strong></span> <span class='ocrx_word' id='word_1_253' title='bbox 828 3090 992 3154; x_wconf 88' lang='lat' dir='ltr'><strong>virtutum</strong></span> <span class='ocrx_word' id='word_1_254' title='bbox 1014 3085 1158 3178; x_wconf 87' lang='lat' dir='ltr'><strong>aequali·</strong></span> 
     </span>
     <span class='ocr_line' id='line_1_35' title="bbox 50 3171 1158 3252; baseline -0.002 -12"><span class='ocrx_word' id='word_1_255' title='bbox 50 3175 155 3252; x_wconf 86' lang='lat' dir='ltr'><strong>tatia,</strong></span> <span class='ocrx_word' id='word_1_256' title='bbox 177 3174 302 3241; x_wconf 87' lang='lat' dir='ltr'><strong>cecidit</strong></span> <span class='ocrx_word' id='word_1_257' title='bbox 322 3191 432 3240; x_wconf 87' lang='lat' dir='ltr'><strong>autam</strong></span> <span class='ocrx_word' id='word_1_258' title='bbox 455 3175 491 3240; x_wconf 93' lang='lat' dir='ltr'><strong>in</strong></span> <span class='ocrx_word' id='word_1_259' title='bbox 513 3173 765 3240; x_wconf 84' lang='lat' dir='ltr'><strong>firnilitudinem</strong></span> <span class='ocrx_word' id='word_1_260' title='bbox 785 3173 1065 3240; x_wconf 83' lang='lat' dir='ltr'><strong>irrationabilium</strong></span> <span class='ocrx_word' id='word_1_261' title='bbox 1088 3171 1158 3238; x_wconf 86' lang='lat' dir='ltr'><strong>aui·</strong></span> 
     </span>
     <span class='ocr_line' id='line_1_36' title="bbox 49 3255 1157 3345; baseline -0.004 -21"><span class='ocrx_word' id='word_1_262' title='bbox 49 3260 201 3324; x_wconf 86' lang='lat' dir='ltr'><strong>ruolium.</strong></span> <span class='ocrx_word' id='word_1_263' title='bbox 245 3259 402 3324; x_wconf 85' lang='lat' dir='ltr'><strong>Terrania</strong></span> <span class='ocrx_word' id='word_1_264' title='bbox 432 3281 576 3345; x_wconf 86' lang='lat' dir='ltr'><strong>namque</strong></span> <span class='ocrx_word' id='word_1_265' title='bbox 604 3255 867 3344; x_wconf 85' lang='lat' dir='ltr'><strong>cupiditatibua,</strong></span> <span class='ocrx_word' id='word_1_266' title='bbox 902 3256 1157 3342; x_wconf 80' lang='lat' dir='ltr'><strong>carnalibusque</strong></span> 
     </span>
     <span class='ocr_line' id='line_1_37' title="bbox 53 3340 1157 3438; baseline -0.002 -32"><span class='ocrx_word' id='word_1_267' title='bbox 53 3342 222 3408; x_wconf 78' lang='lat' dir='ltr'><strong>defideriie</strong></span> <span class='ocrx_word' id='word_1_268' title='bbox 243 3341 445 3430; x_wconf 84' lang='lat' dir='ltr'><strong>opprimitur</strong></span> <span class='ocrx_word' id='word_1_269' title='bbox 466 3359 601 3416; x_wconf 87' lang='lat' dir='ltr'><strong>natura,</strong></span> <span class='ocrx_word' id='word_1_270' title='bbox 625 3365 710 3430; x_wconf 92' lang='lat' dir='ltr'><strong>quae</strong></span> <span class='ocrx_word' id='word_1_271' title='bbox 732 3343 774 3404; x_wconf 89' lang='lat' dir='ltr'><strong>ad</strong></span> <span class='ocrx_word' id='word_1_272' title='bbox 796 3340 947 3408; x_wconf 79' lang='lat' dir='ltr'><strong>eoelestia</strong></span> <span class='ocrx_word' id='word_1_273' title='bbox 969 3341 1157 3438; x_wconf 83' lang='lat' dir='ltr'><strong>appetenda</strong></span> 
     </span>
     <span class='ocr_line' id='line_1_38' title="bbox 52 3411 1158 3514; baseline -0.004 -24"><span class='ocrx_word' id='word_1_274' title='bbox 52 3442 86 3490; x_wconf 83' lang='lat' dir='ltr'><strong>et</strong></span> <span class='ocrx_word' id='word_1_275' title='bbox 114 3411 284 3514; x_wconf 78' lang='lat' dir='ltr'><strong>diligenda</strong></span> <span class='ocrx_word' id='word_1_276' title='bbox 313 3425 508 3492; x_wconf 86' lang='lat' dir='ltr'><strong>naturaliter</strong></span> <span class='ocrx_word' id='word_1_277' title='bbox 538 3426 581 3490; x_wconf 81' lang='lat' dir='ltr'><strong>elt</strong></span> <span class='ocrx_word' id='word_1_278' title='bbox 607 3423 777 3492; x_wconf 77' lang='lat' dir='ltr'><strong>tonditur·</strong></span> <span class='ocrx_word' id='word_1_279' title='bbox 804 3423 1025 3490; x_wconf 73' lang='lat' dir='ltr'><strong>irrationabili</strong></span> <span class='ocrx_word' id='word_1_280' title='bbox 1060 3438 1158 3498; x_wconf 81' lang='lat' dir='ltr'><strong>motu</strong></span> 
     </span>
     <span class='ocr_line' id='line_1_39' title="bbox 52 3505 1158 3596; baseline 0.002 -26"><span class='ocrx_word' id='word_1_281' title='bbox 52 3511 218 3586; x_wconf 83' lang='lat' dir='ltr'><strong>volvitur,</strong></span> <span class='ocrx_word' id='word_1_282' title='bbox 259 3531 345 3596; x_wconf 84' lang='lat' dir='ltr'><strong>quae</strong></span> <span class='ocrx_word' id='word_1_283' title='bbox 380 3509 511 3574; x_wconf 87' lang='lat' dir='ltr'><strong>ratione</strong></span> <span class='ocrx_word' id='word_1_284' title='bbox 540 3507 606 3574; x_wconf 89' lang='lat' dir='ltr'><strong>srui</strong></span> <span class='ocrx_word' id='word_1_285' title='bbox 641 3509 903 3594; x_wconf 81' lang='lat' dir='ltr'><strong>comparabatur.</strong></span> <span class='ocrx_word' id='word_1_286' title='bbox 956 3509 1034 3574; x_wconf 88' lang='lat' dir='ltr'><strong>Non</strong></span> <span class='ocrx_word' id='word_1_287' title='bbox 1067 3505 1158 3572; x_wconf 85' lang='lat' dir='ltr'><strong>enim</strong></span> 
     </span>
     <span class='ocr_line' id='line_1_40' title="bbox 55 3591 1156 3678; baseline 0.002 -24"><span class='ocrx_word' id='word_1_288' title='bbox 55 3593 99 3654; x_wconf 82' lang='lat' dir='ltr'><strong>ell</strong></span> <span class='ocrx_word' id='word_1_289' title='bbox 126 3592 266 3660; x_wconf 78' lang='lat' dir='ltr'><strong>bestialia</strong></span> <span class='ocrx_word' id='word_1_290' title='bbox 296 3608 426 3667; x_wconf 73' lang='lat' dir='ltr'><strong>motus,</strong></span> <span class='ocrx_word' id='word_1_291' title='bbox 459 3591 516 3678; x_wconf 90' lang='lat' dir='ltr'><strong>qui</strong></span> <span class='ocrx_word' id='word_1_292' title='bbox 538 3615 609 3660; x_wconf 87' lang='lat' dir='ltr'><strong>non</strong></span> <span class='ocrx_word' id='word_1_293' title='bbox 629 3592 666 3656; x_wconf 90' lang='lat' dir='ltr'><strong>in</strong></span> <span class='ocrx_word' id='word_1_294' title='bbox 687 3591 1018 3678; x_wconf 81' lang='lat' dir='ltr'><strong>homine&#39;poslquarn</strong></span> <span class='ocrx_word' id='word_1_295' title='bbox 1041 3611 1156 3677; x_wconf 82' lang='lat' dir='ltr'><strong>pecea-</strong></span> 
     </span>
     <span class='ocr_line' id='line_1_41' title="bbox 55 3673 1158 3764; baseline 0.003 -29"><span class='ocrx_word' id='word_1_296' title='bbox 55 3673 107 3736; x_wconf 85' lang='lat' dir='ltr'><strong>vit</strong></span> <span class='ocrx_word' id='word_1_297' title='bbox 129 3699 199 3742; x_wconf 88' lang='lat' dir='ltr'><strong>nou</strong></span> <span class='ocrx_word' id='word_1_298' title='bbox 222 3679 507 3764; x_wconf 82' lang='lat' dir='ltr'><strong>deprehendaturt</strong></span> <span class='ocrx_word' id='word_1_299' title='bbox 530 3691 565 3740; x_wconf 90' lang='lat' dir='ltr'><strong>et</strong></span> <span class='ocrx_word' id='word_1_300' title='bbox 584 3691 623 3740; x_wconf 88' lang='lat' dir='ltr'><strong>ut</strong></span> <span class='ocrx_word' id='word_1_301' title='bbox 636 3692 725 3741; x_wconf 86' lang='lat' dir='ltr'><strong>certa</strong></span> <span class='ocrx_word' id='word_1_302' title='bbox 742 3679 842 3740; x_wconf 87' lang='lat' dir='ltr'><strong>docet</strong></span> <span class='ocrx_word' id='word_1_303' title='bbox 854 3674 959 3750; x_wconf 85' lang='lat' dir='ltr'><strong>ratio.</strong></span> <span class='ocrx_word' id='word_1_304' title='bbox 981 3678 1158 3759; x_wconf 84' lang='lat' dir='ltr'><strong>reprehen-</strong></span> 
     </span>
     <span class='ocr_line' id='line_1_42' title="bbox 55 3753 1158 3846; baseline -0.002 -22"><span class='ocrx_word' id='word_1_305' title='bbox 55 3755 146 3824; x_wconf 82' lang='lat' dir='ltr'><strong>ditur</strong></span> <span class='ocrx_word' id='word_1_306' title='bbox 166 3760 202 3824; x_wconf 89' lang='lat' dir='ltr'><strong>in</strong></span> <span class='ocrx_word' id='word_1_307' title='bbox 223 3761 386 3835; x_wconf 84' lang='lat' dir='ltr'><strong>homine,</strong></span> <span class='ocrx_word' id='word_1_308' title='bbox 409 3761 500 3846; x_wconf 90' lang='lat' dir='ltr'><strong>quod</strong></span> <span class='ocrx_word' id='word_1_309' title='bbox 522 3761 677 3825; x_wconf 88' lang='lat' dir='ltr'><strong>laudatur</strong></span> <span class='ocrx_word' id='word_1_310' title='bbox 697 3757 734 3824; x_wconf 89' lang='lat' dir='ltr'><strong>in</strong></span> <span class='ocrx_word' id='word_1_311' title='bbox 755 3754 865 3824; x_wconf 77' lang='lat' dir='ltr'><strong>belsia.</strong></span> <span class='ocrx_word' id='word_1_312' title='bbox 942 3759 1044 3822; x_wconf 83' lang='lat' dir='ltr'><strong>uara‘l</strong></span> <span class='ocrx_word' id='word_1_313' title='bbox 1069 3753 1158 3843; x_wconf 90' lang='lat' dir='ltr'><strong>Quia</strong></span> 
     </span>
     <span class='ocr_line' id='line_1_43' title="bbox 55 3839 1243 3932; baseline 0 -28"><span class='ocrx_word' id='word_1_314' title='bbox 55 3839 93 3904; x_wconf 87' lang='lat' dir='ltr'><strong>iu</strong></span> <span class='ocrx_word' id='word_1_315' title='bbox 130 3843 229 3908; x_wconf 81' lang='lat' dir='ltr'><strong>bestia</strong></span> <span class='ocrx_word' id='word_1_316' title='bbox 248 3842 485 3909; x_wconf 88' lang='lat' dir='ltr'><strong>irrationabilia</strong></span> <span class='ocrx_word' id='word_1_317' title='bbox 505 3859 617 3910; x_wconf 83' lang='lat' dir='ltr'><strong>motat</strong></span> <span class='ocrx_word' id='word_1_318' title='bbox 638 3841 835 3908; x_wconf 86' lang='lat' dir='ltr'><strong>naturaliter</strong></span> <span class='ocrx_word' id='word_1_319' title='bbox 856 3841 913 3908; x_wconf 88' lang='lat' dir='ltr'><strong>sub</strong></span> <span class='ocrx_word' id='word_1_320' title='bbox 967 3841 1024 3908; x_wconf 62' lang='lat' dir='ltr'><strong>&#39;uta</strong></span> <span class='ocrx_word' id='word_1_321' title='bbox 1041 3840 1078 3906; x_wconf 91' lang='lat' dir='ltr'><strong>in</strong></span> <span class='ocrx_word' id='word_1_322' title='bbox 1100 3843 1158 3904; x_wconf 90' lang='lat' dir='ltr'><strong>bo·</strong></span> <span class='ocrx_word' id='word_1_323' title='bbox 1237 3913 1243 3932; x_wconf 28' lang='grc' dir='ltr'>ἱ</span> 
     </span>
     <span class='ocr_line' id='line_1_44' title="bbox 54 3922 1157 4013; baseline -0.002 -25"><span class='ocrx_word' id='word_1_324' title='bbox 54 3922 147 3990; x_wconf 86' lang='lat' dir='ltr'><strong>mirre</strong></span> <span class='ocrx_word' id='word_1_325' title='bbox 157 3948 235 4004; x_wconf 75' lang='lat' dir='ltr'><strong>vero</strong></span> <span class='ocrx_word' id='word_1_326' title='bbox 249 3943 366 3994; x_wconf 83' lang='lat' dir='ltr'><strong>contra</strong></span> <span class='ocrx_word' id='word_1_327' title='bbox 377 3928 540 3994; x_wconf 82' lang='lat' dir='ltr'><strong>naturam.</strong></span> <span class='ocrx_word' id='word_1_328' title='bbox 595 3925 1157 4013; x_wconf 78' lang='lat' dir='ltr'><strong>uiaquidautemseoondumnatu·</strong></span> 
     </span>
    </p>

    <p class='ocr_par' dir='ltr' id='par_1_7' title="bbox 55 4007 1161 4254">
     <span class='ocr_line' id='line_1_45' title="bbox 55 4007 1159 4108; baseline -0.002 -36"><span class='ocrx_word' id='word_1_329' title='bbox 55 4017 127 4072; x_wconf 73' lang='lat' dir='ltr'><strong>ram</strong></span> <span class='ocrx_word' id='word_1_330' title='bbox 146 4009 287 4076; x_wconf 81' lang='lat' dir='ltr'><strong>inlitum</strong></span> <span class='ocrx_word' id='word_1_331' title='bbox 301 4012 363 4088; x_wconf 69' lang='lat' dir='ltr'><strong>tu,</strong></span> <span class='ocrx_word' id='word_1_332' title='bbox 384 4015 522 4078; x_wconf 78' lang='lat' dir='ltr'><strong>bonum</strong></span> <span class='ocrx_word' id='word_1_333' title='bbox 597 4032 607 4074; x_wconf 81' lang='lat' dir='ltr'><strong>t</strong></span> <span class='ocrx_word' id='word_1_334' title='bbox 642 4007 807 4108; x_wconf 85' lang='lat' dir='ltr'><strong>quiequid</strong></span> <span class='ocrx_word' id='word_1_335' title='bbox 825 4025 1044 4078; x_wconf 71' lang='lat' dir='ltr'><strong>veroznoutra</strong></span> <span class='ocrx_word' id='word_1_336' title='bbox 1057 4013 1159 4074; x_wconf 72' lang='lat' dir='ltr'><strong>¹natu·</strong></span> 
     </span>
     <span class='ocr_line' id='line_1_46' title="bbox 55 4091 1159 4182; baseline -0.001 -27"><span class='ocrx_word' id='word_1_337' title='bbox 55 4097 126 4156; x_wconf 87' lang='lat' dir='ltr'><strong>r&#39;aru</strong></span> <span class='ocrx_word' id='word_1_338' title='bbox 156 4091 504 4180; x_wconf 81' lang='lat' dir='ltr'><strong>superadditum·ast‚.</strong></span> <span class='ocrx_word' id='word_1_339' title='bbox 526 4112 678 4182; x_wconf 78' lang='lat' dir='ltr'><strong>quanam</strong></span> <span class='ocrx_word' id='word_1_340' title='bbox 699 4094 737 4158; x_wconf 83' lang='lat' dir='ltr'><strong>in</strong></span> <span class='ocrx_word' id='word_1_341' title='bbox 759 4091 884 4163; x_wconf 82' lang='lat' dir='ltr'><strong>besliali</strong></span> <span class='ocrx_word' id='word_1_342' title='bbox 905 4091 1159 4160; x_wconf 67' lang='lat' dir='ltr'><strong>substantiane</strong></span> 
     </span>
     <span class='ocr_line' id='line_1_47' title="bbox 58 4171 1161 4254; baseline -0.003 -14"><span class='ocrx_word' id='word_1_343' title='bbox 58 4199 141 4242; x_wconf 84' lang='lat' dir='ltr'><strong>num</strong></span> <span class='ocrx_word' id='word_1_344' title='bbox 169 4177 229 4254; x_wconf 85' lang='lat' dir='ltr'><strong>bt,</strong></span> <span class='ocrx_word' id='word_1_345' title='bbox 260 4179 391 4248; x_wconf 80' lang='lat' dir='ltr'><strong>homini</strong></span> <span class='ocrx_word' id='word_1_346' title='bbox 424 4195 535 4253; x_wconf 83' lang='lat' dir='ltr'><strong>tamen</strong></span> <span class='ocrx_word' id='word_1_347' title='bbox 566 4176 868 4246; x_wconf 77' lang='lat' dir='ltr'><strong>inconreoiauaet</strong></span> <span class='ocrx_word' id='word_1_348' title='bbox 889 4177 1046 4250; x_wconf 77' lang='lat' dir='ltr'><strong>alienum</strong></span> <span class='ocrx_word' id='word_1_349' title='bbox 1087 4171 1161 4238; x_wconf 75' lang='lat' dir='ltr'><strong>Neo</strong></span> 
     </span>
    </p>
   </div>
   <div class='ocr_carea' id='block_1_5' title="bbox 0 0 1495 4826">
    <p class='ocr_par' dir='ltr' id='par_1_8' title="bbox 0 0 1495 4826">
     <span class='ocr_line' id='line_1_48' title="bbox 0 0 1495 4826; baseline 0 0"><span class='ocrx_word' id='word_1_350' title='bbox 0 0 1495 4826; x_wconf 95' lang='lat' dir='ltr'><strong> </strong></span> 
     </span>
    </p>
   </div>
  </div>
 </body>
</html>
