2884 4820
180 367 185 374 Ι
286 255 374 328 688
621 259 676 326 lle
697 243 1072 330 tiveronettlialwae.

288 438 451 516 olivarum
474 439 647 525 ditcipulit
669 442 893 530 prophetavit.
923 444 1092 510 surrectio
1115 445 1264 510 omnium
1283 447 1367 532 virgi·

288 535 373 588 num
393 523 682 610 regenerationem
701 527 806 592 totino
820 527 961 592 humani
973 526 1103 614 generi·
1115 528 1283 627 praesagit.
1300 529 1366 594 Pru·

289 609 405 672 denter
427 605 575 694 virginee
595 609 764 696 lampadae
787 611 877 686 suaa,
903 609 1119 695 rationabilee
1141 611 1295 677 videlieet
1312 635 1368 676 mo·

287 705 359 765 tue,
391 691 501 754 bonae
530 689 673 756 actionis
703 691 931 779 pinguedine,
963 705 1134 780 puraeque
1163 694 1368 760 conscientiae

278 771 436 838 claritate
458 790 640 850 exomant;
665 775 787 861 quibua
810 779 968 852 duchat,¹
987 793 1063 840 actu
1086 775 1162 842 dico
1185 793 1219 842 et
1237 777 1367 850 scientia,

286 856 399 920 fatuae
427 855 576 944 virginee
610 871 735 924 carent.
780 860 1014 943 Quod'autem
1035 863 1219 945 prudentes
1239 860 1367 946 virginea

288 941 331 1004 de
352 940 427 1008 oleo
449 939 507 1006 luo
529 938 629 1004 latuit
647 939 835 1028 virginibus
848 939 1012 1028 impertiri
1030 945 1215 1029 abnegant,
1238 942 1366 1007 nilaliud

287 1020 511 1094 verifimiliue‚
535 1038 574 1086 ut
596 1023 736 1108 opinor,
761 1025 874 1111 typice
894 1026 1224 1124 conformat‚·quarn
1242 1029 1367 1113 pruden-

286 1119 337 1168 tet
360 1104 503 1181 animae,
529 1105 650 1192 quibua
671 1107 750 1170 vilia
773 1126 806 1170 et
828 1131 897 1173 non
919 1107 1116 1172 sufficientia
1137 1129 1173 1172 ιιι
1196 1108 1252 1172 illa
1269 1108 1318 1173 die
1329 1107 1368 1170 in·

287 1187 494 1263 tellectutlis
508 1186 544 1252 in
568 1209 633 1274 qua
649 1192 880 1278 unusquisque
897 1191 1296 1280 prolundaconlcientiae
1308 1191 1367 1252 luae

286 1269 439 1344 rimabit,
477 1270 843 1360 merite'apparebunt‚
880 1291 1099 1359 aeternaeque
1120 1273 1271 1338 felicitati
1291 1274 1366 1337 nullo
1416 1347 1417 1360 χ

211 1345 214 1362 ’
286 1345 652 1440 rno‘do'comparanda¹
676 1357 758 1422 fient
780 1359 827 1420 ait
846 1357 1041 1442 Apostoluat
1062 1361 1141 1422 Non
1151 1351 1237 1448 sant
1256 1359 1367 1438 condig-
1416 1417 1417 1434 ¹

285 1459 348 1500 rrae
377 1433 553 1529 paffiones„
566 1439 659 1526 ltzp‘us
692 1445 852 1524 temporis
878 1443 924 1504 ad
950 1435 1221 1530 staperventuram
1239 1442 1366 1523 glorian,
1416 1477 1417 1520 ι

286 1543 370 1601 qrtae
390 1523 588 1586 revelabitur
609 1527 643 1586 ia
664 1526 766 1588 nobis.
809 1524 901 1590 Hinc
922 1524 1078 1588 dominus
1093 1523 1181 1610 iple3
1204 1523 1367 1588 beotiPcr·

285 1625 397 1688 peres,
419 1605 548 1692 inquit,
560 1603 709 1704 spiritu,
731 1611 796 1672 hoc
819 1605 989 1681 eilberti,
1012 1605 1070 1692 qui
1091 1623 1126 1670 et
1143 1607 1366 1704 leipioeetme·

285 1685 350 1752 rita
371 1687 427 1752 lua
448 1711 510 1774 pro
535 1689 643 1752 nihilo
666 1694 817 1765 ducunt,
841 1706 875 1753 et
896 1689 1036 1756 omnino
1058 1689 1091 1752 le
1112 1689 1148 1752 in
1171 1689 1297 1754 divitiis
1315 1687 1366 1752 rir-

285 1783 397 1833 tutum
422 1792 545 1856 egenos
567 1771 740 1850 judicant;
758 1777 918 1857 ,quoniam
940 1767 1080 1858 ipforum
1103 1771 1149 1860 ss
1171 1795 1297 1856 regmine
1315 1795 1367 1836 coe

283 1851 394 1917 lomm.
437 1855 582 1939 Ideoque
614 1855 763 1918 dicturae
792 1857 867 1918 lunt
897 1855 1091 1940 petentibus
1119 1855 1195 1918 ale
1217 1854 1364 1926 auxilium,

287 1959 327 1998 ne
337 1928 437 2026 forte
456 1959 518 2000 non
530 1931 679 2034 sufficiet
698 1939 791 2002 nobis
813 1952 847 2002 et
865 1939 972 2002 volis.
1014 1940 1116 2022 Quod
1138 1938 1266 2023 duplici
1283 1940 1366 2001 ruodo

284 2017 431 2108 intelligi
463 2021 587 2106 potest:
617 2021 786 2094 autenim
807 2020 964 2118 negative
987 2021 1128 2105 ponitur
1148 2043 1197 2084 ne
1217 2037 1250 2085 et
1268 2022 1366 2106 produ·

284 2101 392 2177 citur,
423 2119 480 2165 aut
508 2103 700 2167 haesitative
731 2121 764 2168 et
785 2103 979 2190 compitum
1012 2103 1095 2168 ficut
1115 2101 1151 2166 in
1173 2103 1259 2169 libro
1280 2105 1365 2168 Gene

283 2185 379 2255 ieoat
400 2189 454 2250 Ne
466 2177 566 2276 forte
587 2189 748 2250 extendat
768 2211 894 2251 manum
907 2184 1028 2276 suam,
1051 2199 1086 2250 et
1094 2178 1216 2286 sumat
1236 2187 1363 2268 deligat

283 2271 397 2343 vitm
425 2285 457 2332 et
487 2292 531 2333 ne
553 2269 639 2340 forte
660 2271 855 2336 viderentur
899 2273 1016 2334 uadam
1038 2269 1169 2334 invidia
1193 2269 1365 2336 meritorum

284 2350 418 2414 luorum
439 2369 670 2436 paupertatem
693 2352 857 2440 impertiri
877 2293 979 2416 latnie
1001 2351 1157 2428 notulae.
1186 2357 1269 2418 abne
1290 2350 1365 2416 antea

200 2433 208 2450 ‘
286 2435 416 2505 oleum,
441 2435 521 2498 dant
543 2437 734 2508 confilium,
758 2437 1016 2522 respondentes.
1050 2441 1096 2500 ite
1114 2441 1229 2518 potius
1305 2457 1365 2498 oen·
1417 2439 1418 2514 ι

285 2517 416 2588 dentes,
438 2527 473 2578 et
493 2521 589 2579 emite
608 2520 721 2594 vobin
744 2523 809 2582 hoc
831 2519 874 2580 est
897 2518 944 2581 ite
966 2522 1006 2581 ad
1028 2541 1096 2592 eoo,
1119 2519 1178 2605 qui
1199 2518 1364 2583 eximietate
1417 2563 1418 2574 ,

284 2613 319 2662 et
348 2597 517 2662 affluentia
548 2601 681 2665 luorum
712 2601 908 2674 meritorum
931 2621 1000 2664 non
1024 2603 1129 2665 solum
1151 2597 1363 2666 [ibimetlulli-
1417 2601 1418 2658 l

284 2679 399 2755 ciunt.
422 2703 538 2746 verum
561 2683 660 2747 etiam
681 2683 752 2758 hie,
776 2684 834 2769 qui
857 2705 913 2748 eoa
935 2683 970 2746 in
993 2687 1054 2747 hac
1077 2683 1148 2748 vita
1162 2683 1368 2750 honorificare

284 2779 460 2912 poterant,
495 2767 623 2850 pollent
643 2770 801 2856 praebere
822 2766 1000 2842 auxilium,
1024 2769 1224 2854 futuraeque
1245 2765 1365 2831 beatita-

308 2847 374 2911 init
397 2847 563 2913 meritum.
608 2853 679 2915 llac
700 2866 811 2914 autem
834 2849 987 2913 tarditate
1008 2867 1041 2913 et
1061 2849 1268 2936 negligentia
1281 2850 1364 2913 inter·

281 2931 386 3016 polita
419 2931 516 2996 venit
538 2933 690 3019 sponsus,
725 2949 758 2997 et
778 2949 906 3019 paratae
927 2931 979 2995 vir
1002 2933 1093 3007 inca,
1124 2934 1231 3020 inque
1250 2931 1365 2997 luoad·

282 3028 389 3078 ventu
417 3030 548 3078 ornatae
572 3015 854 3114 praeoccupavit,
888 3029 922 3078 et
950 2955 1000 3078 ati
1021 3016 1094 3080 luae
1123 3015 1259 3102 nuptias
1279 3015 1365 3078 intro·

285 3093 397 3170 duxit;
418 3099 485 3160 hot:
506 3097 550 3160 en
570 3121 606 3162 ιιι
628 3095 1007 3170 [annuntiationem.
1044 3119 1108 3184 qua
1130 3097 1364 3186 perfectilfimot

283 3179 412 3242 animoa
442 3180 682 3276 supernaturali
711 3179 1006 3266 contemplationis
1036 3181 1111 3244 luae
1132 3179 1238 3268 gloria
1259 3177 1364 3268 glorii

283 3277 352 3335 catz
385 3277 503 3324 catena
531 3262 566 3326 in
597 3263 797 3327 naturalium
822 3267 985 3328 bonorum
1007 3263 1222 3362 plenitudine
1242 3260 1363 3331 relictin

283 3360 317 3408 et
352 3343 585 3408 excelfitudin‘c
607 3345 1050 3421 ineffabilieldeilicatioma,
1081 3367 1177 3430 queam
1198 3369 1256 3410 nec
1275 3346 1365 3412 acutas

280 3427 390 3498 vidit,
412 3447 469 3490 nee
489 3433 581 3491 auris
601 3432 753 3505 audivit,
777 3453 834 3492 nec
855 3433 890 3492 itt
910 3453 964 3494 cor
982 3433 1120 3496 hominis
1141 3426 1303 3521 ostendit.
1323 3448 1366 3490 et·

282 3509 388 3575 clulit.
430 3513 474 3572 Et
495 3514 561 3576 hoc
583 3513 626 3575 est
648 3517 739 3599 quod
760 3513 822 3576 alta
852 3517 900 3578 Et
920 3508 1029 3604 clattso
1051 3509 1236 3606 fijm,
1265 3507 1366 3576 introi·

282 3607 336 3656 tue
359 3592 519 3658 videlicet
541 3594 676 3660 divinae
697 3594 992 3681 contemplationis
1014 3597 1099 3661 facie
1116 3601 1158 3662 ad
1179 3596 1314 3672 laciemt
1333 3593 1366 3654 td

304 3695 380 3738 nam
402 3675 537 3741 incaute
552 3675 593 3741 ¹in
616 3683 678 3743 hac
698 3678 768 3742 vita
790 3679 965 3754 viventes,
989 3681 1167 3768 oleumque
1188 3677 1325 3744 actionis
1340 3689 1367 3737 et

281 3698 440 3823 leientiae
472 3760 509 3822 in
538 3761 677 3826 rationis
706 3763 784 3826 luae
812 3765 1020 3849 receptacula
1051 3777 1122 3828 n'on
1150 3762 1365 3832 infundente,

231 3919 232 3922 Ἴ
280 3839 406 3905 etiamfi
436 3842 682 3919 clamaverunt,
725 3846 794 3909 iera
821 3849 954 3931 quando
979 3867 1022 3909 ue
1053 3846 1265 3933 poenitentia
1291 3862 1367 3908 com·

279 3923 420 4010 puncti,
443 3945 512 3988 non
534 3925 729 4000 intrabunt,
753 3929 920 3995 dicentett
984 3933 1086 3995 omitte
1105 3933 1266 4002 Domine.
1286 3925 1366 4010 aperi

280 4008 383 4073 nobis.
425 4006 483 4072 llta
505 4025 616 4075 autem
638 4011 820 4098 geminatio
843 4011 1005 4079 dominici
1026 4011 1193 4091 nominis,
1233 4025 1289 4076 aut
1308 4003 1366 4071 alli·

282 4093 387 4155 duum
416 4093 582 4156 humanae
610 4109 750 4158 naturae
778 4095 966 4194 appetitum
998 4100 1040 4162 ad
1060 4093 1366 4186 contemplationem

281 4171 466 4240 conditoria
485 4173 537 4240 sui
557 4175 650 4241 uuila
671 4177 882 4264 ignorantiae
901 4181 1024 4246 nebula
1043 4179 1237 4268 interpollet
1251 4177 1291 4244 ia
1309 4177 1363 4244 lut.
