2970 4826
102 326 106 336 ,
214 261 252 388 '¹
290 269 371 342 464
620 237 675 340 Dc
695 267 878 340 Dinirione
898 266 1073 339 Naturae.

216 459 218 466 '
290 471 370 522 ante
390 471 527 522 omnem
547 445 732 522 creaturam
753 451 882 522 iecerit.
924 457 974 532 Dr
992 443 1072 519 Nori
1093 449 1210 540 itaque
1231 451 1358 520 erata
1382 469 1419 519 et

282 537 484 606 ,substantiae
510 559 622 604 rerum
651 537 689 604 in
721 539 826 604 verbo
857 537 925 604 Dei
957 535 1417 615 substitutus-innumero

291 637 467 712 computat
489 621 741 690 creaturarum?
764 619 883 687 Dixisti
906 621 1077 688 animm
1090 636 1181 686 ’ante
1199 641 1305 687 omne
1330 623 1417 688 terir-

288 729 354 798 pne
376 728 580 794 omnemque
601 721 786 772 creaturam
807 705 911 773 factae
933 705 1040 772 inilia.
1082 707 1133 770 Μ.
1164 705 1244 790 Non
1268 725 1418 791 compu-

290 807 327 857 to
352 812 419 858 nec
449 789 518 858 srne
545 789 696 856 ratione:
729 811 835 878 quum
865 787 1006 878 proprie
1031 804 1219 866 creaturae
1237 791 1416 856 vocabulo

289 873 537 962 significantem
574 895 659 961 quae
680 895 741 962 per
762 873 1017 974 generationem
1037 887 1134 939 motu
1154 875 1307 960 quodam
1333 889 1418 938 tem·

288 958 417 1044 porali,
449 957 487 1022 in
517 958 534 1022 i
554 957 643 1022 eciet
672 978 825 1045 propriae
856 958 924 1024 five
951 957 1098 1022 vifibilea
1124 955 1191 1023 five
1221 956 1415 1023 invifibiler

285 1105 288 1112 ,
314 1043 475 1107 roiluunt.
519 981 622 1128 &uod
643 1057 756 1106 autem
778 1047 858 1108 ano'e
880 1039 995 1107 omnia
1017 1056 1169 1126 ternpore
1190 1055 1225 1106 et
1240 1043 1321 1106 loca
1341 1042 1415 1105 iub·

287 1065 442 1190 fiitutum
464 1125 525 1201 cst,
549 1123 820 1211 quoniam-ultra
841 1141 993 1212 tempora
1015 1139 1049 1188 ct
1071 1125 1146 1190 loca
1168 1124 1231 1199 est,
1254 1141 1415 1190 creatura

288 1207 427 1296 proprie
447 1229 519 1274 non
542 1208 690 1274 diciturr
733 1208 863 1275 uamrie
884 1211 988 1274 modo
1011 1210 1158 1298 quodam
1176 1207 1351 1302 loquendi
1368 1209 1415 1291 sy·

290 1292 534 1386 necdochicou
571 1232 802 1384 uuiveriiiitar
832 1314 919 1382 quae
940 1291 1013 1380 post
1032 1294 1145 1357 Deum
1168 1291 1234 1368 cst,
1269 1295 1313 1356 ab
1340 1289 1414 1380 ipso

291 1375 430 1442 condita
452 1391 603 1441 creatura
623 1376 803 1443 vocitetur.

356 1474 406 1538 17.
442 1461 508 1525 Sed
528 1461 659 1526 rursum
681 1459 872 1548 quaeriturr
903 1473 1020 1524 utrum
1041 1477 1143 1524 omne
1163 1457 1256 1545 quor]
1277 1471 1414 1544 tempo·

290 1542 405 1608 raiiter
430 1557 605 1620 movetur,
644 1543 797 1609 localiter·
824 1539 935 1608 ctiam*
954 1541 1085 1607 moveri
1111 1539 1337 1606 neceffarium
1364 1542 1413 1606 fit.

289 1625 330 1692 tir
352 1649 418 1714 qua
439 1627 630 1714 quaestione
650 1629 837 1692 multorum
859 1647 931 1692 non
954 1627 1061 1690 [olum
1078 1623 1264 1698 catholice,
1288 1645 1413 1689 verum

291 1708 393 1775 etiam
416 1711 607 1776 seculariter
630 1713 671 1776 de
691 1713 822 1775 mundo
845 1709 1094 1796 disputantium
1115 1707 1285 1773 sententia
1302 1708 1413 1772 varia·

289 1807 356 1856 tur.
408 1795 496 1858 Sunt
526 1793 617 1858 enirir
646 1793 705 1881 qui
736 1793 860 1860 dicunt
883 1796 971 1858 iraec
1000 1795 1086 1870 duo,
1117 1793 1232 1856 locum
1262 1789 1355 1872 (lico⁵
1379 1807 1414 1856 et

291 1890 442 1964 ternpus,
473 1875 563 1942 eirca
592 1893 627 1942 ot
656 1891 746 1941 extra
769 1897 965 1976 corpoream
986 1891 1172 1942 creaturam
1194 1875 1276 1952 effe,
1310 1889 1352 1939 et
1372 1878 1412 1940 ab

292 1957 341 2022 cie
371 1957 560 2037 contineri,
593 1975 627 2024 et
653 1959 906 2026 circumscnbi.-
934 1963 980 2023 Et
1007 1957 1086 2046 quia
1108 1957 1253 2024 naturali
1273 1957 1413 2023 ratione

289 2043 367 2128 plus
389 2043 432 2107 eii
454 2047 546 2130 quod
567 2043 723 2109 continet
744 2065 844 2132 quam
866 2045 961 2130 qnod
983 2041 1202 2108 contineturr
1223 2061 1298 2106 non
1321 2039 1412 2108 intra

290 2142 401 2212 partae
422 2127 564 2202 mundi,
589 2129 643 2192 [ed
664 2141 755 2192 extra
777 2127 879 2214 ipfiue
902 2123 1153 2192 universitatem
1174 2125 1250 2190 loca
1272 2139 1307 2189 et
1329 2141 1412 2190 tem·

289 2231 371 2294 pora
395 2214 621 2298 computanda
639 2211 847 2276 existimante
869 2208 1064 2298 praesertim
1085 2211 1167 2275 dum
1182 2207 1412 2296 incorporalia

292 2295 369 2356 sunt
397 2293 434 2356 in
469 2313 613 2358 numero
647 2292 874 2380 corporalium
901 2313 974 2358 non
1007 2305 1100 2358 recte
1131 2295 1412 2358 connumeranda

291 2379 354 2440 effe
373 2367 537 2456 judicant.
581 2375 647 2441 Alii
668 2396 750 2440 vero
771 2377 846 2442 ioca
868 2389 903 2440 et
924 2391 1076 2464 tempora
1094 2373 1184 2442 intra
1199 2377 1411 2442 mundanum

291 2457 576 2522 universalitatem
598 2460 821 2523 concludunt.
864 2458 996 2524 Dicunt
1024 2459 1116 2524 eninr
1138 2460 1234 2525 fimnl
1254 2481 1338 2526 cum
1360 2481 1410 2526 ce·

291 2541 372 2606 terie
403 2563 489 2630 quae
521 2541 610 2606 intra
632 2544 799 2607 mundum
821 2542 1044 2608 continentur
1065 2541 1249 2630 congenita
1270 2558 1306 2608 ct
1329 2564 1409 2609 cou-

290 2639 400 2690 crcata
422 2623 535 2701 iuiffc,
559 2639 594 2690 et
613 2627 900 2712 quemadmodum
921 2641 1045 2691 cuncta
1066 2647 1107 2690 eu
1125 2627 1229 2692 causu
1249 2626 1318 2692 init
1336 2649 1410 2714 pro·

289 2711 357 2772 lata
379 2708 475 2786 funt,
510 2707 558 2772 ita
580 2723 614 2772 et
635 2707 702 2774 illa.
745 2707 908 2774 Rationes
933 2708 1073 2797 quidem
1094 2711 1247 2776 locorum
1270 2725 1305 2775 ct
1328 2727 1410 2775 tem·

288 2813 411 2890 porum
441 2791 636 2880 prinsquam
664 2792 702 2858 in
729 2795 860 2858 mundo
889 2808 1102 2869 crearentur.
1132 2791 1170 2858 in
1189 2795 1311 2882 'Verbo
1343 2793 1411 2860 Dei

290 2899 328 2944 ru
358 2895 427 2964 quo
459 2875 548 2941 facta
576 2875 654 2940 funt
677 2874 809 2951 omnia,
844 2878 1100 2962 praeceffemnt.
1143 2879 1286 2942 Addunt
1305 2877 1410 2942 ctiam

288 2958 606 3038 ratiocinationem
641 2959 760 3026 filoca'
781 2975 816 3024 et
838 2975 990 3047 tempora
1012 2975 1090 3025 ante
1111 2963 1279 3026 mnndum
1300 2961 1409 3036 fuere,

288 3045 443 3130 proiecto
464 3059 600 3112 aeterna
621 3041 721 3119 sunt3
744 3057 779 3108 et
799 3043 823 3108 fi
845 3059 980 3108 aeterna
1000 3043 1096 3108 iunt=
1119 3059 1178 3110 ant
1201 3047 1296 3108 Deua
1316 3045 1409 3120 snut,

290 3141 349 3190 aut
378 3126 582 3215 principales
612 3125 770 3192 omnium
800 3127 917 3192 causae
945 3125 982 3192 in
1005 3126 1170 3214 sapientia
1194 3125 1313 3193 divina
1335 3129 1412 3192 tub·

290 3209 439 3276 stitutact
473 3213 566 3298 quod
596 3207 819 3275 stultiffimum
842 3210 885 3275 est
906 3209 1079 3277 aestimari.
1122 3215 1202 3277 Duo
1224 3209 1317 3276 enim
1339 3233 1410 3276 ma·

288 3293 381 3359 ximi.
394 3315 520 3362 errores
543 3293 841 3380 sunthominum,
881 3309 921 3358 ut
942 3293 990 3360 ait
1013 3293 1233 3382 Augustinuat
1262 3295 1341 3360 loeo
1356 3291 1412 3386 su·

288 3401 352 3460 pra
379 3380 518 3454 coelum,
553 3389 590 3442 et
619 3389 773 3460 temporo
799 3391 878 3442 anta
906 3379 1060 3442 mundum
1089 3391 1223 3462 putare.
1265 3379 1314 3444 tc
1346 3399 1410 3465 per

288 3465 355 3528 hoc
376 3459 611 3534 concluditur,
635 3476 787 3549 tempora
809 3461 967 3528 secularia
981 3463 1084 3527 amul
1105 3484 1183 3529 cum
1204 3463 1336 3528 mundo
1355 3483 1410 3527 or·

290 3561 324 3609 ta
353 3560 388 3608 et
419 3557 535 3612 coorta
559 3543 644 3620 effe,
681 3561 715 3609 et
736 3547 831 3610 nullo
853 3549 957 3611 modo
976 3545 1088 3633 ipsum
1109 3543 1322 3634 praeceffiffe.
1365 3548 1408 3610 ln

288 3629 431 3694 numero
462 3627 578 3715 itaque
608 3649 726 3694 eorum
755 3649 841 3718 quac
872 3629 962 3694 intra
982 3631 1150 3695 mundum
1171 3627 1407 3706 continentur,

288 3714 402 3776 locum
428 3699 469 3776 ‘et
494 3727 628 3799 tempor
658 3715 973 3778 connumerandum
1003 3735 1082 3778 vera
1109 3712 1196 3780 r'atio
1219 3711 1331 3800 cogitr
1367 3733 1410 3778 ac

287 3815 349 3882 per
375 3797 442 3860 hoc
469 3815 541 3861 non
571 3795 679 3862 solum
707 3795 743 3860 in
775 3796 853 3883 ipfio
874 3795 1038 3884 quicquid
1058 3795 1095 3862 in
1117 3798 1286 3864 mundum
1306 3795 1408 3860 venit

287 3878 438 3964 generari
459 3879 628 3956 (locorum
653 3889 800 3966 namque
822 3895 1082 3980 temporumque
1102 3879 1254 3946 numerio
1274 3893 1310 3944 ct
1330 3900 1407 3944 naa·

287 3962 377 4026 citur
398 3979 432 4027 et
453 3971 649 4045 moveturt)
670 3986 789 4029 verum
811 3963 913 4029 ctiam
936 3967 1095 4035 omnibus
1116 3963 1262 4053 quaein
1285 3959 1334 4028 eie
1350 3981 1407 4050 ge·

287 4061 450 4134 ngrautur
470 4047 708 4134 congenerari,
733 4065 767 4113 et
789 4071 829 4114 cu
853 4045 1066 4135 generalibus
1087 4049 1190 4114 causae
1207 4069 1405 4135 quaeman-

289 4131 369 4194 dum
385 4135 593 4218 praecedunt
608 4127 755 4217 prodire.
778 4133 882 4218 Quod
898 4147 1011 4199 autem
1029 4153 1092 4219 pro
1118 4131 1279 4208 oiuimur,
1290 4145 1405 4196 utrum

287 4233 388 4280 omne
410 4219 501 4302 quod
522 4229 681 4280 movetur
700 4213 948 4304 temporaliter,
983 4237 1067 4294 neec
1094 4240 1111 4280 e
1133 4217 1171 4282 fit
1193 4215 1296 4282 etiarn
1318 4215 1404 4280 loca·
