3048 4856
251 339 255 346 ,
320 259 400 332 2ῦο
618 309 620 318 J
651 259 704 330 lle
724 254 907 333 sliusrr'one
928 259 1102 334 Naturae.

220 503 222 506 .
319 445 512 519 lummodo,
535 459 569 508 et
590 465 661 509 non
682 466 795 510 creare
809 447 1021 512 redeundum
1036 447 1101 512 esse
1115 447 1254 514 censeor
1275 445 1324 511 ita
1343 445 1440 512 enim

319 529 466 593 nostrum
479 527 649 614 promittit
688 530 891 616 ropositum,
915 531 1069 616 quamvis
1086 529 1178 596 enim
1196 531 1335 618 quidem
1353 531 1441 596 aliae

200 645 204 654 ·
318 613 533 681 introductae
555 553 773 698 Quaeslionea
795 613 891 690 sunt,
914 614 984 701 ipsa
999 629 1111 679 tamen
1126 613 1352 714 principalem
1369 635 1439 679 ma·

318 695 437 760 teriam
460 695 560 762 tertio
584 695 685 760 Libro
707 697 888 784 praestiti13
913 703 985 777 ejue
1005 721 1153 786 namque
1173 716 1276 785 gratia
1294 697 1440 784 diligen·
1506 733 1507 744 ,

319 779 387 843 tiue
409 777 657 865 investigandae
678 779 852 857 incidens,
876 781 1015 848 aliarum
1037 781 1306 871 propositionum
1323 785 1440 846 Theo

317 863 367 928 ria
387 861 510 927 inserta
533 863 586 925 esl.
1399 899 1405 908 ·
1506 863 1507 876 ¹

382 955 433 1026 ⁹4·
462 949 567 1010 Recte
596 947 729 1020 censeo,
763 963 965 1035 tempusque
993 949 1154 1046 pollulat,
1190 949 1246 1013 sed
1276 947 1371 1034 priua
1396 949 1439 1012 de

320 1029 448 1093 senaria
474 1027 664 1116 quantitate
697 1029 828 1096 dierum
856 1029 1141 1130 intelligibilium,
1179 1029 1217 1095 in
1246 1053 1312 1118 qua
1342 1035 1439 1096 Dent

320 1133 421 1198 opera
452 1113 509 1176 sua
539 1113 649 1178 secisse
676 1114 819 1202 legitur,
858 1115 882 1178 li
915 1119 998 1202 quid
1025 1114 1259 1213 promisimus,
1293 1115 1438 1200 implere

321 1198 498 1261 debemus:
532 1197 679 1262 breviter
710 1197 910 1274 dicendum,
947 1215 1070 1286 partim
1101 1197 1238 1284 quidem
1257 1197 1439 1262 sacr'omm

318 1281 456 1344 Parrum
479 1281 672 1344 intellectae
697 1282 891 1382 sequentes,
923 1281 1046 1368 partim
1070 1285 1163 1367 quod
1183 1281 1220 1344 in
1243 1281 1358 1345 animo
1379 1305 1437 1346 ve·

200 1435 205 1440 ,
317 1363 372 1428 i'iit
400 1366 442 1426 ab
475 1385 532 1436 eo,
563 1365 622 1450 qui
644 1365 815 1430 illumrnat
837 1368 991 1430 tenebras
1013 1365 1151 1440 noslras,
1187 1379 1222 1428 et
1243 1363 1375 1451 quaerit
1400 1366 1437 1430 in

318 1445 491 1532 scripturis
513 1445 579 1511 suis
601 1447 733 1546 quaeri,
757 1465 792 1513 et
812 1447 978 1523 inveniri,
999 1469 1071 1512 nou
1087 1449 1246 1514 celantet.
1276 1447 1438 1512 Infinitut

317 1529 481 1618 fiquidem
511 1534 669 1596 conditor
702 1533 812 1596 sacrae
833 1531 1015 1617 scripturae
1036 1530 1073 1596 in
1094 1531 1267 1596 mentibus
1287 1533 1355 1594 Pro
1381 1536 1439 1596 he-

317 1629 428 1679 tarum
460 1613 605 1700 Spiritus
631 1617 774 1679 Sanctus
795 1612 949 1679 infinitos
971 1614 1007 1679 in
1032 1636 1070 1678 ea
1091 1613 1265 1678 constituit
1284 1555 1438 1679 intellec·

317 1712 390 1770 tua,
431 1696 578 1782 ideoque
608 1697 736 1761 nullius
765 1696 970 1784 Expositorie
1003 1698 1116 1761 sensus
1145 1697 1275 1762 sensum
1298 1698 1437 1762 alteriue

318 1780 443 1854 aufert,
466 1782 673 1855 dummodo,
698 1796 737 1844 ut
759 1781 856 1845 sanae
877 1779 957 1844 fidei
980 1778 1177 1846 Catholicae
1203 1801 1245 1843 uc
1265 1781 1438 1866 professio·

274 1931 282 1942 ,
317 1862 356 1926 ni
374 1861 579 1936 bonveniat,
605 1865 699 1960 quod
720 1863 862 1948 quisque
880 1861 986 1938 dicat,
1008 1862 1074 1924 five
1089 1801 1226 1926 atiani-e
1252 1861 1436 1948 accipiens,

317 1943 434 2010 sive'a
462 1943 588 2030 seipso,
619 1944 830 2012 illuminatae
860 1959 973 2008 tamen
997 1965 1015 2008 a
1038 1947 1122 2020 deo,
1157 1943 1350 2011 invenient.
1394 1951 1437 2011 D.

316 2029 467 2093 Procede
490 2026 610 2113 quovis
633 2027 771 2103 ordine,
793 2034 915 2114 meque
937 2030 1076 2090 attrahe.
1121 2029 1173 2106 Te
1195 2027 1286 2092 enim
1307 2030 1435 2118 sequar,

318 2113 375 2177 vel
407 2110 539 2175 sensum
570 2109 712 2189 aliorum
730 2112 797 2175 five
819 2125 916 2175 tuum
939 2109 977 2173 in
1000 2109 1122 2174 talibus
1144 2131 1366 2196 cognoscam,
1403 2130 1438 2178 et

318 2197 411 2295 quod
430 2215 512 2258 vera
534 2191 640 2269 ratio,
676 2191 820 2281 quaein
843 2191 1002 2258 omnihus
1023 2191 1153 2278 quaerit
1173 2194 1371 2273 veritatem,
1400 2213 1435 2262 et
1506 2267 1507 2278 p

316 2276 474 2351 invenit,
498 2279 654 2352 edoceat,
678 2275 818 2362 eligam:
844 2297 915 2340 non
939 2275 1105 2362 quiajam
1126 2297 1260 2342 veracee
1283 2278 1435 2346 intellec·

316 2377 372 2426 tue
403 2359 598 2424 discerncre
628 2379 646 2422 a
667 2359 842 2439 fallacibus
867 2357 1011 2422 idoneae
1033 2359 1122 2434 sum,
1158 2360 1214 2424 sed
1236 2364 1328 2458 quod
1350 2363 1435 2428 sinii·

315 2443 400 2508 liora
420 2463 501 2506 vere
523 2438 785 2505 dissimilioribus
805 2461 996 2530 proponere
1014 2441 1166 2506 consulta
1183 2459 1337 2520 veritate,
1360 2468 1432 2512 non

301 2542 444 2596 ¹temere
471 2524 583 2588 ausim.
629 2526 676 2586 M.
707 2525 850 2588 Temere
873 2545 1026 2621 quoque,
1061 2540 1094 2588 et
1115 2525 1360 2594 inconsiderate
1380 2529 1433 2594 ni·

317 2608 366 2673 hil
387 2607 490 2672 velim
510 2611 703 2693 approbare.
749 2605 1022 2680 Primordialium
1050 2607 1164 2694 itaque
1187 2611 1360 2677 causarum
1381 2613 1434 2677 vi·

188 2711 190 2720 ’
244 2721 249 2730 ·
317 2689 479 2766 sibilium,
516 2707 550 2754 et
584 2689 803 2754 invisibilium
825 2691 920 2754 simul
944 2705 978 2754 ct
1001 2691 1101 2754 semel
1123 2693 1358 2760 conditionem
1384 2696 1433 2762 di·
1506 2719 1507 2738 ¹

316 2775 418 2842 vinna
447 2777 617 2859 Propheta
646 2773 779 2856 Moyseo
808 2772 956 2838 breviter
985 2774 1149 2850 scribent,
1193 2775 1360 2854 dicendo,
1398 2785 1433 2843 iu

317 2862 485 2942 principio
505 2858 601 2959 jecit
627 2861 724 2922 Deus
745 2859 868 2922 coelum
889 2871 923 2921 et
943 2872 1083 2931 terram,
1115 2881 1299 2948 eorumque
1321 2865 1432 2928 occul·
1506 2891 1507 2930 l

287 2994 290 3003 .
319 2959 386 3007 tam
415 2941 450 3006 in
486 2942 603 3008 divino
626 2941 783 3014 consilio,
820 2941 1259 3031 incomprehensibilemque
1280 2947 1433 3034 magnisi-
1506 3013 1507 3026 p

318 3025 485 3102 centiam,
524 3025 617 3114 priua
648 3047 748 3112 quam
780 3023 817 3088 iu
847 3025 970 3088 formas
1001 3027 1016 3087 s
1039 3025 1193 3113 ecicaque
1214 3031 1431 3114 profluerent,
1506 3027 1507 3038 ’

318 3115 426 3175 inanis
446 3123 575 3181 terraer,
598 3125 657 3172 aut
676 3131 820 3182 vacuae,
843 3122 901 3172 aut
922 3111 993 3172 irrui
1009 3110 1115 3182 thilis,
1139 3125 1173 3173 et
1186 3113 1430 3204 incompofltae‚
1506 3149 1507 3178 l

318 3195 520 3258 tenebrarum
542 3215 677 3278 quoque
695 3187 795 3286 super
808 3185 951 3288 abyffum
967 3193 1140 3256 vocabulis
1159 3195 1358 3294 significant,
1380 3197 1432 3262 in·
1506 3187 1507 3210 ³

318 3277 533 3346 choationem
566 3297 700 3363 quoque
730 3273 974 3362 procreationis
1005 3279 1299 3362 praeconditarum
1322 3281 1432 3344 causa·
1506 3289 1507 3342 1

317 3383 391 3425 rum
421 3359 457 3424 in
491 3359 629 3424 effectur
660 3348 753 3432 thor,
791 3359 1016 3452 appellatione
1035 3356 1183 3450 spiritus
1210 3369 1268 3448 qur·
1288 3355 1433 3450 fouebat
1506 3355 1507 3376 ¹

317 3467 438 3528 aquas,
459 3446 513 3506 vel
523 3472 527 3486 ¹
526 3435 706 3531 ferebatur
711 3437 824 3541 super
845 3467 948 3529 aquas
967 3442 1159 3520 insinuant,
1197 3449 1240 3510 ad
1259 3447 1428 3530 mysticam

316 3527 385 3592 sen.
408 3549 442 3590 n.
464 3549 498 3589 v.
524 3545 596 3610 exp.
619 3527 684 3591 des.
708 3525 886 3614 inquient,
922 3539 955 3589 et
975 3529 1067 3590 dixit
1089 3527 1186 3602 deus,
1206 3531 1278 3623 fiat
1297 3533 1371 3603 srtx,
1397 3547 1431 3595 et

305 3604 414 3702 sacta
444 3609 492 3700 est
516 3611 584 3673 sax.
626 3613 666 3676 ln
696 3608 750 3674 hie
783 3625 895 3676 autern
925 3611 1036 3674 verbio
1063 3611 1242 3700 multiplex
1263 3615 1431 3680 sambrum

317 3697 456 3760 Petrum
477 3693 669 3758 intellectus
689 3693 866 3792 reperitur.
910 3694 1065 3780 Quorum
1093 3695 1150 3758 alii
1173 3697 1309 3782 quidem
1331 3719 1431 3786 ange-
1506 3703 1507 3708 ’

314 3777 419 3852 licae,
457 3793 493 3841 et
519 3776 757 3847 intellectualia
786 3775 931 3844 caeleslia
961 3777 1117 3842 essentiae
1145 3779 1360 3847 Creationem
1391 3781 1429 3846 in
1506 3841 1507 3846 ,

315 3863 486 3926 hocloco
515 3861 624 3926 sacrae
652 3855 834 3948 scripturae
861 3859 1079 3948 significatam
1110 3865 1173 3929 elle
1208 3864 1428 3947 discernunt3

316 3943 374 4010 alii
404 3965 486 4010 vero
514 3943 652 4010 visibilie
688 3949 788 4026 hujus
815 3943 902 4011 lucio
926 3961 1097 4020 naturam,
1133 3951 1201 4013 hoc
1222 3950 1282 4025 esl,
1314 3949 1430 4038 ignem

315 4027 686 4115 incomprehensibilem
717 4033 847 4106 adhuc,
877 4044 911 4094 et
940 4027 1141 4098 invisibilem
1164 4047 1336 4110 creatum,
1370 4032 1429 4133 qui
1506 4047 1507 4086 l

342 4112 528 4180 ossmbdum
558 4110 667 4178 veluti
687 4111 725 4178 iri
748 4114 802 4180 hia
825 4111 979 4179 sontibus
1000 4135 1193 4204 emergent,
1223 4115 1261 4182 in
1283 4138 1431 4205 corpori·
1506 4149 1507 4156 κ

340 4219 380 4264 ue
410 4195 574 4263 aetherei·
601 4196 746 4272 refulsit,
779 4217 818 4265 ac
837 4195 947 4264 veluti
969 4197 1076 4286 spatio
1097 4199 1201 4269 trium
1222 4200 1354 4268 dierum
1374 4221 1430 4268 oc·
1506 4205 1507 4230 ¹
