2952 4824
282 207 340 282 98
612 207 871 282 aeneatoris
891 207 1065 284 Natta-ae.

238 451 242 460 .
287 391 543 464 resurrectionis
572 393 731 482 gloriam,
763 417 849 484 quae
867 394 1017 483 primum
1036 393 1076 460 in
1098 413 1139 460 eo
1162 393 1337 482 apparuit,
1369 411 1405 461 et

300 481 390 544 'uam
420 475 578 542 omnibus
605 476 761 544 fidelibus
783 479 850 544 suia
871 483 1009 546 daturus
1032 477 1095 554 est,
1129 479 1321 566 docensque
1344 499 1406 545 no·

354 585 389 627 m
409 563 525 628 orbem
545 575 707 627 terrarum
731 561 955 628 differentiam
978 585 996 626 a
1017 559 1173 626 Paradiso
1194 565 1288 643 juxta
1304 561 1406 627 ratio-

288 667 368 716 nem
395 659 536 710 naturae
564 666 635 710 non
665 649 807 712 habere:
837 667 909 711 non
941 645 1032 710 enim
1055 660 1175 710 natura
1195 645 1403 732 separantur,

289 732 346 796 sed
380 725 619 817 qualitatibus,
661 729 906 817 quantitatibus
943 727 1080 794 caeteris
1106 749 1149 792 ue
1182 729 1404 794 varietatibus

289 835 375 904 quae
406 827 545 898 propter
565 831 743 898 peccatum
764 815 938 900 generale,
973 751 1137 900 genesiis
1157 813 1327 876 humanae
1347 835 1407 876 na·

289 913 401 970 turae,
420 897 476 972 fad
501 916 648 981 poenam
680 902 770 978 ejus,
802 895 907 962 immo
930 899 971 960 ad
993 893 1239 977 correctionem
1260 911 1295 960 et
1315 917 1408 960 exer·

290 977 508 1054 citationem,
539 978 621 1044 buic
650 997 757 1046 terrae
786 977 963 1045 habitabili
994 977 1207 1064 superaddita
1227 979 1316 1044 sunt.
1359 981 1407 1042 Et

288 1061 451 1152 quoniam
482 1083 552 1126 una
576 1078 663 1128 terra
685 1067 766 1130 dum
789 1067 831 1130 ad
851 1062 989 1150 seipsam
1012 1060 1242 1138 constituitur,
1276 1061 1407 1148 insepa-

288 1144 403 1216 rabilia
431 1143 491 1222 est,
520 1143 795 1231 ipsamnaturae
822 1147 990 1212 rationem
1023 1143 1060 1209 in
1083 1166 1148 1232 qua
1170 1143 1236 1221 est„
1263 1145 1408 1222 liberam

290 1225 695 1296 divifionemlecundum
717 1229 942 1296 differentiam
962 1229 1108 1303 salvane:
1138 1248 1211 1294 non
1234 1228 1326 1294 enim
1348 1231 1407 1292 vel

289 1314 381 1378 mole
406 1311 463 1376 vel
491 1311 612 1398 spatiis
637 1313 840 1378 discernitur
868 1312 1042 1379 Paradisus
1073 1313 1113 1374 ab
1145 1311 1204 1376 isto
1226 1310 1407 1376 habitabili

289 1399 371 1463 orbe
392 1410 572 1472 terrarum,
581 1395 653 1494 Jsed
676 1397 864 1462 diversitate
885 1391 1170 1471 conversationis,
1202 1393 1407 1460 disserentis·

288 1495 356 1628 que
383 1476 626 1556 beatitudinrs;
660 1504 749 1544 nam,
770 1496 804 1544 et
824 1479 954 1566 primus
974 1477 1123 1546 homo'st
1144 1498 1216 1542 non
1237 1493 1405 1575 peccaret,

304 1561 434 1628 eliciter
462 1560 500 1626 in
536 1565 617 1627 orbe
647 1579 810 1628 terrarum
843 1563 958 1626 vivere
987 1563 1110 1647 posset:
1144 1581 1307 1648 quomam
1336 1583 1408 1624 una

289 1649 475 1732 eademque
496 1644 584 1710 ratio
606 1646 650 1709 est
679 1645 715 1710 in
760 1643 983 1732 rincipalibut
1006 1645 1108 1708 causta
1130 1643 1220 1710 orbis
1242 1659 1408 1711 terrarum

288 1745 323 1794 et
343 1727 515 1815 paradiso,
540 1731 632 1814 quod
655 1671 818 1814 aptiiime
841 1728 876 1792 in
897 1728 1005 1816 seipso
1026 1731 1120 1791 Deua
1142 1727 1250 1791 noller
1271 1728 1407 1874 postre-

289 1809 532 1876 surrectionem
553 1809 794 1876 manifestavit:
816 1812 911 1876 simul
934 1811 1026 1875 enim
1048 1825 1084 1875 et
1103 1808 1139 1874 in
1153 1811 1272 1875 Paradi
1289 1826 1406 1885 oerat,

288 1893 381 1958 etin
402 1895 466 1956 hac
489 1908 575 1957 terra
597 1916 675 1958 cum
698 1893 873 1982 discipulis
894 1903 1042 1958 moratus
1065 1891 1119 1958 est.

355 1999 403 2038 ιι.
422 1977 503 2040 Non
527 1975 619 2040 enim
642 1979 850 2044 credendum
871 1977 915 2042 esi
937 1976 1074 2046 aliunde
1095 1974 1220 2040 venisse
1239 1973 1405 2052 localiter,

287 2073 328 2126 ut
349 2057 415 2123 suis
438 2038 625 2145 discipuli(
635 2075 828 2157 appareret,
863 2075 898 2123 et
920 2059 1077 2124 aliorsum
1097 2057 1274 2134 receffissc,
1299 2077 1405 2144 quum

193 2187 196 2198 ·
287 2164 360 2208 non
382 2146 581 2229 apparebat,
606 2165 665 2228 qur
680 2143 753 2288 post
765 2141 1060 2216 resurrectionem,
1083 2137 1404 2212 naturimlocorum

287 2241 323 2291 et
345 2241 537 2310 temporum
557 2246 629 2289 non
651 2226 685 2288 so
701 2249 759 2290 um
782 2224 972 2297 divinitate,
998 2246 1117 2288 verum
1140 2224 1240 2288 etiam
1250 2225 1406 2288 humani·

212 2310 213 2314 ’
289 2325 358 2373 tate
379 2308 490 2370 suerat
510 2309 751 2394 supergressum
778 2307 976 2394 (spiritualia
998 2307 1161 2394 siquidem
1181 2321 1333 2394 corpora,
1355 2309 1406 2374 lo·

289 2412 331 2456 co
356 2406 577 2476 temporeque
599 2389 761 2454 coarctari
782 2413 853 2455 non
876 2390 975 2454 facile
997 2389 1215 2458 crediderim:
1245 2395 1406 2477 quemad·

284 2475 425 2538 modum
446 2494 558 2558 neque
580 2471 816 2569 qualitatibus,
839 2472 1145 2570 quantitatibusve,
1176 2475 1234 2538 seu
1257 2474 1402 2554 alicujus

192 2567 195 2580 ¹
286 2557 415 2622 sonnoe
444 2553 719 2641 discriptionibus
743 2555 882 2631 variari:
915 2555 1170 2643 simplicissimae
1192 2555 1284 2629 enim
1305 2574 1404 2621 natu·

285 2661 342 2704 rae
375 2638 471 2712 sunt,
505 2640 598 2723 quod
618 2637 763 2712 maxime
785 2661 820 2702 ar
867 2656 984 2704 mento
1006 2639 1084 2726 puri
1104 2639 1205 2726 ignis
1217 2639 1403 2728 colligitur,

288 2721 348 2808 qui
378 2721 460 2784 dum
481 2741 543 2806 per
564 2721 679 2786 omnia
699 2720 816 2786 sensrbi
832 2744 860 2786 rs
881 2722 1002 2788 mundi
1025 2745 1166 2809 corpora
1187 2723 1404 2801 diffunditur,

288 2820 400 2869 tantae
421 2802 615 2867 subtilitatis
638 2805 700 2879 esi,
724 2819 764 2868 ut
784 2806 880 2869 nullo
901 2807 978 2871 loco
1000 2806 1207 2881 detineatur,
1232 2821 1403 2872 ettamen

287 2887 326 2951 in
365 2885 524 2951 omnibus
554 2886 787 2974 operationem
817 2889 910 2952 suam
943 2887 1152 2954 manifestare
1186 2889 1404 2974 dinoscitur),

251 2983 279 3020 s
285 2971 343 3034 sed
362 2989 434 3034 uno
457 2971 645 3057 eodemque
667 2985 837 3058 tempere,
860 2992 930 3036 uno
953 2974 1140 3059 eodemque
1160 2974 1237 3038 loco
1260 2976 1303 3038 ad
1320 2989 1404 3038 tem-

284 3075 349 3152 pus
371 3055 554 3139 apparebat
574 3055 612 3118 in
635 3075 674 3119 ea
695 3055 803 3118 forma
824 3052 861 3118 in
887 3076 953 3141 qua
974 3055 1225 3152 passuasuerat,
1248 3056 1402 3122 utfidem

284 3138 422 3200 illorum
445 3137 611 3212 nutriret,
634 3141 745 3202 donec
764 3157 864 3200 verae
885 3137 1092 3224 cognationis
1103 3137 1229 3202 virtute
1240 3161 1306 3226 qua
1317 3141 1402 3226 poll-

282 3221 424 3284 modum
446 3220 572 3304 profusi
594 3221 691 3294 sunt,
713 3218 1004 3285 illuminarentur:
1038 3236 1072 3284 et
1092 3237 1228 3307 peracto
1249 3244 1402 3291 momen·

281 3318 400 3366 tancae
420 3301 643 3396 apparitionis
658 3303 785 3388 spatio,
809 3324 888 3366 mox
904 3303 1168 3369 intellectualem
1184 3304 1401 3370 invisibilem·

282 3403 348 3472 que
369 3382 550 3470 spiritualis
569 3387 723 3471 corporis
745 3383 927 3476 iopaoiuv,
963 3385 1000 3454 id
1022 3387 1089 3462 est,
1120 3385 1401 3464 invisibilitatem,

304 3476 368 3530 ua'e
399 3485 500 3531 omne
528 3483 681 3554 tempus,
711 3484 752 3532 ut
777 3469 1026 3555 praediximus,
1060 3474 1264 3558 omnemque
1284 3473 1401 3538 locum

280 3489 433 3635 inperat,
454 3549 608 3616 redibat:
629 3552 685 3616 vel
706 3555 799 3650 quod
823 3552 1018 3622 credibilius
1042 3554 1104 3618 else
1125 3553 1278 3632 viditur,
1301 3557 1400 3622 nullo
1433 3547 1437 3556 ’

279 3635 383 3699 modo
419 3655 459 3696 ex
486 3633 739 3701 resurrectionta
771 3635 897 3722 gloria,
937 3638 1013 3702 loco
1044 3638 1099 3702 vel
1132 3652 1303 3724 tempore,
1343 3641 1400 3704 vel

282 3714 492 3864 quantitate,
524 3717 730 3804 qualitateve
757 3723 921 3785 recedens
950 3719 1017 3798 (hia
1046 3718 1210 3808 siquidem
1239 3722 1401 3790 omnibus

296 3797 468 3886 piritualia
488 3801 630 3901 corpora
650 3823 781 3879 carere,
802 3825 904 3870 nemo
926 3803 985 3892 qui
1008 3805 1153 3881 dubitat)
1174 3805 1213 3872 in
1234 3827 1274 3872 ea
1288 3807 1400 3874 forma

279 3901 347 4028 qua
367 3885 516 3982 mpndo,
538 3909 576 3951 m
597 3891 727 3976 mundo
747 3885 886 3964 vivant,
908 3909 971 3975 pm
990 3887 1112 3954 mundi
1133 3889 1239 3954 salute
1256 3889 1330 3981 poll
1347 3913 1400 3956 rc·

293 3981 521 4064 urrectronem
554 3967 729 4057 discipulis
764 3969 1006 4060 suisseipsum
1034 3971 1284 4040 manifestabat:
1309 3985 1398 4042 'non

279 4067 373 4114 enam
398 4053 546 4120 humana
572 4053 790 4122 ratiocinatio
827 4059 999 4144 praevalet
1017 4057 1079 4124 ubi
1100 4057 1216 4124 divina
1238 4057 1398 4146 potantia

196 4161 199 4166 ·
281 4133 506 4208 totlummoto
532 4139 659 4228 pollet:
685 4161 766 4209 nam
786 4143 881 4229 quod
901 4140 973 4230 ipse
993 4141 1062 4223 ait,
1096 4165 1170 4208 ecoe
1187 4145 1268 4230 Ego
1285 4145 1396 4214 vobis·
