2890 4820
293 263 321 335 2
618 262 675 333 De
693 257 876 332 Divinam
894 259 1069 332 Nareae.
1092 285 1095 292 ’

296 463 409 536 aequa
429 448 572 512 meatur.
613 447 657 512 D.
680 443 779 516 Clara
798 445 911 513 video.
963 446 1030 512 Sed
1049 445 1197 514 multum
1217 439 1273 514 m'e
1292 462 1416 512 movet

299 545 416 620 quarta
449 529 594 614 ipecieo,
629 551 715 617 quae
744 553 763 596 a
790 545 825 596 te
854 527 968 595 addita
990 530 1052 594 elit
1084 551 1164 594 nam
1186 527 1323 602 dealiia
1347 528 1416 594 tibi

298 615 525 682 nullomodo
554 613 713 678 haelitare
742 615 865 696 auita,
900 635 979 678 eum
1008 611 1118 698 prima
1146 627 1186 685 ut
1207 611 1351 677 arbitror
1376 611 1415 677 in

298 698 396 766 caula
411 695 566 764 omnium
583 717 669 784 quae
692 697 768 762 lunt
783 713 817 762 et
829 719 913 784 quae
927 717 999 762 non
1016 695 1094 761 lunt
1112 694 1331 782 intelligatur.
1359 699 1416 762 Se·

302 785 516 872 enodavero
537 779 575 844 in
597 771 870 867 primordialibus
892 781 1005 846 cauiie.
1049 778 1165 844 Tertia
1191 779 1228 843 in
1249 778 1302 843 hie
1325 793 1416 866 quae

302 865 340 932 in
362 861 580 954 generatione
602 879 668 929 tera
697 864 877 950 oribueque
899 880 934 929 et
954 860 1038 928 locis
1060 878 1331 950 cognoscuntur,
1366 877 1412 926 at·

300 971 366 1038 que
396 947 475 1015 ideo
503 949 545 1014 de
571 947 644 1037 fing
682 949 709 1012 ie
735 947 904 1045 disputari
937 944 1092 1012 subtiliat
1113 944 1331 1012 nocellariurn
1358 945 1412 1022 est,

299 1048 340 1098 ut
367 1031 480 1097 video.
519 1029 572 1094 M.
602 1035 708 1098 Recte
727 1029 893 1107 aestimat:
925 1031 982 1095 led
1003 1051 1069 1116 quo
1091 1029 1211 1095 'ordine
1232 1027 1412 1094 ratiocina-

299 1114 405 1180 tionia
435 1113 491 1178 via
514 1119 661 1182 tenenda
682 1115 738 1190 lit,
772 1117 839 1180 hoc
860 1115 905 1179 est
929 1117 970 1179 de
993 1135 1058 1200 qut
1080 1112 1190 1200 specie
1210 1111 1321 1200 primo
1347 1112 1413 1178 die·

300 1199 520 1284 cutienalum,
554 1213 616 1265 tuo
650 1196 789 1264 arbitrio
810 1198 999 1264 committo.
1042 1199 1085 1261 D.
1107 1199 1231 1262 Ratum
1251 1195 1339 1261 mihi
1364 1195 1414 1260 vi·

300 1285 400 1434 ἔξω]
420 1296 499 1429 qqte
521 1279 601 1350 aliae
623 1285 666 1348 de
686 1280 816 1370 prima,
840 1282 1005 1370 quicquid
1024 1281 1082 1345 lux
1102 1279 1271 1346 mentium
1290 1279 1412 1367 largita

340 1381 405 1433 ent
448 1385 547 1430 icere.
742 1425 746 1434 .

264 1506 266 1512 .
316 1461 395 1514 κο.
426 1449 475 1514 M.
498 1451 550 1514 lta
569 1447 647 1524 fian
675 1447 733 1513 sed
752 1445 847 1546 priua
870 1449 912 1512 de
932 1445 1120 1528 iummoac
1138 1441 1321 1534 principaii
1344 1463 1412 1510 om·

258 1585 262 1599 .
299 1531 416 1610 nium,
439 1546 480 1596 ut
501 1530 665 1606 diximus,
690 1531 854 1596 divilione
874 1529 911 1594 in
935 1553 973 1595 ea
995 1553 1080 1618 quae
1096 1531 1174 1594 [unt
1187 1546 1221 1594 et
1238 1549 1323 1616 quae
1339 1549 1411 1593 non

253 1680 255 1688 ,
301 1617 398 1692 lunt,
420 1613 569 1681 breviter
590 1613 774 1680 dicendum
797 1613 941 1679 aestimo.
987 1619 1030 1679 D.
1052 1619 1148 1690 lure,
1179 1611 1410 1702 providequ63

299 1721 373 1765 non
388 1698 496 1764 enim
530 1720 571 1784 err
592 1695 658 1762 alio
680 1695 867 1786 primordio
888 1697 1054 1764 rationem
1077 1695 1231 1762 inchoari
1256 1711 1411 1782 oportere

299 1781 421 1846 video}
463 1783 537 1846 Neo
565 1782 674 1846 folum
704 1780 790 1868 quia·
812 1775 921 1868 prima
948 1782 992 1845 est
1022 1779 1176 1844 omnium
1210 1777 1410 1852 differentia,

252 1881 254 1889 ’
300 1863 358 1932 ieri
379 1863 458 1952 quia
480 1864 654 1931 obscurior
675 1862 814 1930 caeteris
836 1865 972 1928 videtur
994 1855 1076 1938 elle,
1114 1879 1148 1928 et
1168 1864 1222 1928 est.
1266 1863 1316 1926 M.
1342 1861 1411 1948 lpia

248 2013 251 2022 ,
300 1947 426 2035 itaque.
442 1947 669 2036 primordialia
698 1947 854 2012 omnium
883 1947 1062 2012 discretiva
1090 1945 1280 2014 differentia
1300 1961 1410 2011 certon

247 2104 250 2114 ,
300 2031 379 2098 luae
400 2030 690 2119 interpretationis
711 2033 831 2097 modos
852 2029 1006 2118 inquirit.

364 2130 396 2194 3.
429 2115 585 2202 Quorum
614 2113 743 2202 primun
770 2114 907 2179 'videtur
937 2115 999 2178 elle
1031 2113 1102 2200 ipie
1122 2135 1183 2202 per
1204 2133 1304 2202 quom
1326 2109 1409 2176 ratio

170 2259 175 2268 .
303 2199 437 2275 suadet.
469 2199 593 2276 Omnia
623 2221 715 2286 quae
741 2219 905 2285 corporeo
927 2197 1054 2273 sensui,
1089 2201 1145 2262 vel
1166 2194 1409 2296 intelligentiae

328 2281 517 2367 ereeptioni
548 2283 793 2356 succumbunt,
830 2282 920 2367 polle
954 2281 1201 2346 rationabiliter
1233 2285 1301 2348 dact
1335 2279 1408 2346 eila:

301 2307 462 2470 {auvert}
489 2385 574 2451 quae
602 2385 664 2450 per
694 2364 926 2429 excellentiam
950 2365 1027 2429 suae
1047 2381 1188 2462 naturae
1210 2371 1280 2428 non
1303 2361 1410 2430 solum

303 2445 906 2618 lillaq¹l.‘fln⁰.ll⁸l..lllla
928 2447 1110 2596 llil?
1131 2449 1410 2617 ‘lil‘llffll

302 2613 340 2679 in
358 2615 436 2678 solo·
452 2617 546 2690 Deo,
577 2614 808 2699 materiaque,
839 2628 874 2676 et
894 2613 930 2678 in
953 2613 1107 2680 omnium
1127 2637 1241 2680 rerum
1256 2635 1350 2702 *quae
1373 2613 1409 2674 ab

304 2719 346 2764 eo
368 2695 526 2762 conditae
548 2696 627 2761 lunt
646 2695 835 2761 rationibus
858 2710 960 2783 atque
981 2697 1145 2784 ellantiia,
1177 2713 1269 2764 recte
1289 2693 1410 2762 intelli·

304 2795 444 2878 guntur:
488 2781 567 2844 Nec*
589 2778 785 2855 immerit03·
810 2778 883 2876 ¹P.s⁶
912 2801 1060 2878 namque
1092 2781 1251 2880 omniurn
1277 2777 1410 2846 ell'entia

302 2863 871 3045 rtatrlrltrf‘nlnn
886 2855 1408 3036 latalratraaaarlt

303 3027 1408 3129 Theologuamultieratrorriiquenullamsubstantiam,strevifibilie

302 3115 369 3182 five
381 3113 558 3180 rnvriibilia
572 3131 753 3202 creaturae,
771 3115 948 3177 intellectu
963 3117 1018 3178 vel
1028 3113 1410 3213 rationecomprehenda

238 3261 240 3264 .
303 3199 395 3285 polio
416 3197 610 3273 confimat,
634 3199 717 3284 quid
737 3198 785 3260 fit.
829 3198 916 3262 Nam
938 3198 1022 3262 ficut
1042 3198 1112 3284 ipse
1133 3194 1226 3264 Deua
1248 3201 1285 3262 an
1303 3195 1408 3284 seipso

302 3283 391 3346 ultra
413 3295 599 3345 creaturam
614 3285 758 3346 'omnem
779 3281 874 3346 nulio
897 3280 1075 3346 intellectu
1094 3281 1407 3368 comprehenditur:

301 3361 351 3428 ita
379 3361 481 3428 etiam
512 3363 550 3428 in
584 3361 804 3430 secretiffimie
825 3361 951 3429 finibua
973 3379 1143 3429 creaturae
1166 3367 1206 3430 ab
1229 3385 1269 3430 eo
1292 3366 1408 3432 iactae.

302 3462 338 3511 et
358 3445 395 3512 in
418 3446 702 3546 eoucon‘filieutia,
726 3447 933 3513 considerata
952 3439 1052 3514 οὐσία
1064 3448 1179 3514 incarn
1204 3444 1408 3514 rehenfibilit

300 3530 359 3596 est.
402 3532 579 3630 Quicquid
598 3529 768 3678 ³¹}i0ffi,i¹¹
791 3532 886 3596 omni
908 3548 1080 3608 creatura,
1103 3534 1158 3596 vel
1178 3471 1276 3630 feniq
1296 3549 1408 3674 torpeti

222 3747 224 3752 .
301 3635 363 3795 {ii
388 3616 1408 3790 illalum:.ll{l5⁶il..⁶.lssl.‘ltsslll.iiixl.

302 3783 433 3848 drotum
456 3721 515 3860 aa,
540 3781 810 3870 uniuscujusque
831 3780 1008 3849 elleutiaet
1038 3806 1125 3873 quae
1146 3797 1205 3870 aut
1224 3803 1286 3870 per
1307 3781 1407 3872 qualr-

259 3949 262 3958 .
301 3879 423 3962 tatem,
439 3881 506 3932 eut
524 3865 775 3956 quantitatem,
798 3867 1039 3946 antimum,
1065 3884 1124 3934 aut
1144 3866 1330 3944 materiam,
1354 3873 1408 3959 aql

302 3946 527 4015 differentiam
579 3954 744 4029 uenalem,
761 3967 836 4018 aut
856 3953 991 4029 laeum,
1022 3968 1081 4017 aut
1103 3969 1238 4040 tempus
1259 3967 1408 4040 agnoeot·

168 4051 172 4060 ·
300 4044 376 4108 tun
403 4053 476 4098 uon
500 4034 564 4121 qui
615 4036 675 4114 est,
708 4037 768 4102 sed
816 4035 875 4100 uia
894 4030 961 4102 est.-
990 4036 1052 4101 lste
1073 4034 1181 4126 igitur
1198 4037 1324 4102 medua
1344 4025 1407 4120 pri·

299 4135 376 4184 nuo
405 4135 446 4180 ao
473 4115 624 4185 summm
654 4121 701 4186 est
722 4059 895 4188 diviflouia
916 4141 1034 4188 eorum
1055 4119 1150 4212 quae'
1165 4119 1327 4186 dicuntur
1347 4111 1406 4210 ello

300 4215 337 4266 et
364 4219 438 4268 non
460 4201 543 4281 eliae
572 4201 653 4293 quia
671 4207 795 4274 modun
817 4203 877 4274 iste
896 4204 958 4296 qui
978 4204 1116 4274 videtur
1135 4205 1287 4296 quodam
1304 4199 1407 4272 modo
