2866 4822
474 297 582 367 Liber
601 282 763 381 Quium
1094 293 1172 366 ⁴69

51 475 354 560 resurrectionem,
386 482 523 568 quaudo
552 483 700 548 bumana
729 493 846 548 natura
870 497 955 566 quae
977 501 1115 564 corpore
1139 497 1172 547 et

55 558 170 626 anima
193 563 335 638 constat,
359 563 506 652 aequalia
523 564 587 630 erit
602 570 650 630 lln
678 561 758 641 elie,
781 581 815 630 et
830 563 1018 628 sanctorum
1033 567 1169 630 Petrum
1253 603 1259 612 ·

53 643 257 711 auctoritate
277 645 362 712 mihi
382 651 450 727 J’am
471 647 600 712 suasum
622 671 640 714 e
676 695 686 724 ,
708 663 743 712 et
762 646 851 712 intre
872 667 926 710 me
948 645 1099 734 perspexi
1120 669 1169 712 ra·

51 723 183 793 tionem
214 731 408 796 consultane
439 729 488 795 nil
520 729 613 796 aliud
643 730 850 818 probahiliue
871 728 1072 818 veritatique
1118 751 1169 795 ro·

51 807 218 896 pinquiue
251 833 448 889 occurrere,
487 835 587 900 quam
617 835 756 900 corpore
777 813 813 878 in
836 811 1007 878 coeleslenr
1032 753 1171 900 qualite·

50 906 120 958 tem
151 895 313 960 conversa
347 917 516 984 omneque
550 895 974 962 terrenum'universaliter
998 899 1168 994 deponen-

52 973 119 1052 tia,
143 977 321 1044 existimari
344 979 489 1044 sensibus
510 981 703 1046 mortalium
726 979 1075 1066 incomprehensibilia
1098 1000 1168 1044 otu·

47 1056 171 1208 stlat
188 1063 315 1225 'tlt
323 1061 782 1214 territaretur
811 1061 862 1210 22⁸?
882 1061 985 1210 risi
1007 1061 1169 1216 ltili

51 1243 157 1290 omne
179 1231 273 1315 quod
294 1227 382 1292 intre
403 1169 566 1294 ambitum
589 1233 660 1310 ejue
677 1229 872 1296 continetur
883 1169 1071 1314 petietrant,
1093 1194 1167 1293 nult

48 1305 186 1404 linoque
218 1311 461 1398 circumscripti
483 1313 634 1412 corpqrie
658 1315 798 1380 densitae
819 1311 941 1386 obstat,
976 1335 1019 1377 ne
1039 1310 1167 1396 ubique

49 1411 87 1454 tn
112 1391 229 1460 omnia
252 1393 509 1476 diffundantur3
533 1419 685 1482 qutenam
710 1400 751 1462 de
772 1395 908 1476 visibilia
929 1393 1166 1474 hujus-machi·
1243 1459 1250 1473 x
1343 1383 1347 1395 ⁸

50 1493 116 1537 nae
138 1491 261 1542 natura
284 1477 464 1565 diligenter
484 1477 750 1565 dieputantium‚
788 1483 926 1566 ejusque
949 1477 1165 1542 subtilitatem

50 1575 91 1618 ac
121 1561 231 1625 veluti
264 1564 430 1648 quandam
461 1561 769 1649 incorporalitatem
790 1559 915 1628 mentie
938 1561 1096 1626 contuitu
1116 1560 1167 1624 in·

48 1638 290 1738 vestigantium
322 1644 818 1721 non'incunctantenasserat,
847 1655 920 1709 aera
942 1642 1166 1708 tenuislimum

50 1739 171 1819 opunte
193 1726 345 1792 coelestia
369 1743 402 1791 et
424 1727 605 1806 terrestria,
639 1751 794 1796 necnon
818 1743 852 1792 et
873 1736 966 1792 aerea
988 1742 1022 1791 et
1041 1729 1168 1812 Neptu·
1186 1751 1194 1760 ·

48 1827 108 1870 nta
140 1811 239 1875 nullo
269 1811 435 1876 obsleeulo
459 1814 653 1876 demorante
675 1829 870 1900 penetrare,
904 1833 1012 1898 eoque
1034 1808 1168 1874 mirabi-

48 1885 117 1952 liue
140 1907 175 1956 et
197 1891 363 1981 spiritubli
384 1893 542 1958 tenuitati
565 1895 790 1981 propinquior
812 1893 972 1980 igneum,
992 1887 1165 1984 spiritum,

49 1969 206 2060 simplex,
240 1997 382 2062 purum,
415 1975 509 2040 omni
532 1997 694 2062 corporeo
718 1979 812 2041 sensu
833 1993 1000 2040 remotum
1022 1997 1093 2044 non
1118 1976 1167 2038 so-

48 2053 122 2118 lum
145 2075 271 2123 cuncta
292 2057 412 2122 mundi
434 2058 544 2146 spatia·
559 2059 699 2145 implere
718 2076 752 2123 et
768 2058 912 2139 ambire;
934 2056 1165 2122 verumetiam
1208 2089 1212 2102 ·

1 2184 6 2194 .
48 2132 163 2220 ipsum
194 2138 422 2206 tenuissimum
460 2149 532 2204 ae'ra
553 2141 657 2206 nimia
682 2141 730 2205 sui
753 2137 936 2204 subtilitate
958 2155 991 2203 et
1012 2139 1167 2224 incorpo-

48 2217 177 2289 ralibus
199 2221 328 2289 naturie
350 2222 569 2288 fimilitudine
591 2228 671 2290 dum
692 2225 730 2288 srt
750 2223 892 2289 intimue
914 2221 1078 2298 omnium,
1102 2237 1164 2286 tra-

49 2323 143 2369 nare.
189 2307 417 2394 Similiterque
440 2309 481 2373 de
502 2329 588 2405 aqua
608 2305 750 2394 simplici
773 2323 806 2370 et
828 2322 914 2371 terra
929 2305 1161 2381 sentiendum
1252 2339 1257 2351 1

49 2407 131 2454 nem
153 2405 188 2454 et
208 2390 278 2478 ipsa
300 2390 426 2478 ubique
448 2391 605 2456 omnibue
628 2390 823 2478 corporibus
846 2388 963 2454 insunt
978 2389 1164 2454 secundum

51 2469 144 2536 suam
168 2474 356 2562 analogiam
425 2473 518 2560 Quid
540 2474 661 2539 mirum
684 2471 934 2544 resurrectionis
957 2493 1097 2558 corpore
1118 2471 1167 2534 ul·

52 2565 104 2618 tre
126 2575 262 2626 ornnem
284 2557 467 2622 sensibilem
492 2557 685 2644 qualitatem
711 2555 943 2630 ascendentia,
968 2555 1061 2620 omni
1075 2556 1166 2620 mole

52 2651 87 2696 et
107 2639 280 2706 localitate
303 2643 470 2715 absolute,
507 2656 541 2704 et
561 2659 599 2704 ut
619 2641 666 2706 ita
691 2642 800 2706 dicam
822 2639 858 2703 in
876 2637 1036 2726 spiritum
1059 2637 1166 2702 omni·

51 2739 99 2782 rto
124 2725 284 2788 conversa
306 2723 462 2808 vitaeque
484 2723 666 2800 simillima,
700 2725 733 2786 su
762 2747 796 2800 er
818 2745 919 2786 omne
940 2724 1032 2819 quod
1054 2719 1166 2784 sensue

52 2819 237 2888 corporeae
268 2808 374 2891 potest
395 2803 581 2890 attingere,
615 2805 777 2870 ineffabili
802 2807 858 2869 sua
879 2801 1044 2891 spirituali
1065 2801 1166 2866 subti-

53 2881 151 2949 litate
179 2888 340 2953 exaltari?
375 2893 427 2954 De
456 2909 496 2951 eo
528 2909 608 2954 vero
663 2891 732 2952 uod
760 2887 957 2952 resurreetio
985 2906 1164 2971 corporum

54 2971 202 3036 naturali
234 2971 358 3036 virtute
387 2971 619 3058 cooperatrice*
640 2911 687 3034 tiit
712 2971 843 3045 sutura,
880 2985 913 3034 et
935 2991 1004 3033 non
1028 2969 1094 3032 sola
1116 2963 1166 3031 in·
1200 3025 1209 3050 ,

55 3053 186 3118 carneti
222 3055 315 3119 verbi
337 3053 463 3143 gratie,
498 3076 590 3118 nunc
612 3053 761 3137 primunt
780 3051 909 3138 incipio
932 3051 1095 3138 cogitare,
1131 3065 1166 3114 et

56 3135 117 3198 ubi
131 3137 225 3222 priua
244 3137 439 3212 titubabam,
455 3138 490 3201 in
513 3137 708 3224 operatione
720 3135 880 3200 videlieet
893 3133 1037 3198 naturali
1051 3148 1165 3198 utrum

54 3217 309 3287 resurrectionis
333 3223 370 3286 srt
393 3221 566 3304 effectiva3
588 3221 728 3284 humani
751 3219 876 3306 quippe
892 3215 1164 3303 corporieredin·

54 3303 278 3390 tegeationenb
311 3305 370 3370 soli
400 3303 596 3370 redemtorie
627 3304 752 3390 gratiae
786 3302 991 3376 tribuebam,
1026 3299 1110 3366 licut
1131 3312 1166 3364 et

55 3399 94 3447 tu
116 3389 318 3478 aliquando=
356 3387 404 3452 ibi
426 3394 490 3469 jam
514 3404 623 3451 certue
647 3387 772 3450 efficior
792 3385 922 3450 ratione
944 3388 1040 3449 duce.
1082 3381 1199 3448 Nat-x

55 3469 127 3534 lum
149 3473 240 3539 enirn
262 3472 460 3537 miraculum
478 3472 513 3534 in
528 3473 736 3534 boemundo
757 3482 873 3534 contra
887 3483 1040 3532 naturam
1053 3469 1166 3530 Deum

58 3549 168 3620 secisse
197 3555 360 3642 legimur.
395 3558 452 3620 sed
483 3553 585 3618 caulie
613 3553 820 3616 naturalibue
841 3547 1110 3616 administratirie
1132 3563 1167 3613 et

60 3631 283 3704 effectricibue
305 3641 389 3719 jussu
411 3637 475 3702 Dei
496 3653 654 3701 movente
676 3637 778 3701 sactae
796 3635 858 3699 else
872 3630 1185 3722 quaecunqupvfir3

60 3729 172 3790 tutum
203 3727 280 3787 theo
307 3723 423 3786 haniae
453 3719 567 3786 divina
598 3734 710 3785 narrat
730 3717 874 3784 historia.
915 3719 960 3780 Et
980 3715 1004 3780 sr
1024 3713 1165 3782 miracu·

60 3798 131 3863 lum
153 3747 389 3871 miraculitrum
412 3805 454 3869 esl
475 3799 638 3892 gerieralie
659 3818 868 3866 mortuorum
878 3799 1086 3874 resurrectio,
1110 3819 1166 3862 cu·
1219 3843 1222 3853 .

60 3883 112 3958 jue
134 3887 314 3953 maximum
338 3889 526 3975 exemplum
547 3883 718 3971 praecellit
740 3883 776 3948 in
800 3881 952 3958 Christo,
975 3881 1011 3959 itt
1035 3893 1167 3946 tantum

60 3981 100 4028 ut
129 3985 237 4034 cetere
273 3974 340 4037 sere
374 3970 487 4038 omnia
507 3969 671 4034 naturalia
695 3983 891 4056 argumenta
911 3966 947 4032 in
969 3965 1167 4059 praefigura:

62 4046 156 4115 tione
188 4052 288 4140 ipstue
309 4057 395 4121 sacta
418 4053 512 4120 fuisse
532 4069 623 4118 recte
645 4052 893 4140 intelligantur:
928 4071 1010 4116 num
1031 4046 1167 4111 veritate

33 4160 38 4171 “
61 4139 248 4216 putandum
287 4137 419 4204 estnon
443 4135 628 4204 convenire
648 4157 711 4202 noe
733 4133 914 4200 exillimere
936 4155 974 4196 ex
996 4130 1168 4226 causarum

61 4219 264 4286 naturalium
296 4219 448 4288 effectiva
480 4221 635 4308 potentia
671 4219 807 4303 divinae
836 4213 1006 4284 voluntati
1037 4213 1167 4283 subtltta

597 4443 605 4476 l
699 4443 713 4452 '⁸
754 4463 763 4480 ι
