2884 4820
316 259 399 350 ‘ter
648 281 907 352 ueoeureae
929 282 1098 355 numae.

194 485 196 494 ¹
318 463 504 534 nerationit
522 467 752 548 jumentorum
772 465 809 532 in
823 467 918 534 bane
931 466 1295 566 mnndumprocederet3
1311 489 1366 532 mu

320 551 438 614 omnen
466 549 621 621 homines
653 550 802 638 aequalia
839 551 1054 650 ejusdemque
1087 549 1214 615 virtutib
1233 567 1262 614 et
1278 549 1367 614 ordini

323 633 445 698 essent:
466 653 508 697 an
533 635 615 700 ficut
635 633 777 720 dngeli,
799 633 847 698 ita
869 641 903 695 et
922 637 1076 700 hommes
1097 632 1323 704 iaieordimbut
1338 633 1367 694 ie

321 715 472 780 cundum
496 715 646 782 divinam
692 714 918 782 renidentiam
940 733 974 780 et
995 715 1182 802 sapientiam
1204 715 1366 814 disponeren-

319 797 400 861 t'uri
419 797 489 863 Rei
511 800 650 865 ondebit
668 741 722 864 itti
744 803 861 872 credo,
885 798 941 885 qui
963 799 1128 886 promittit
1146 795 1366 893 hominebuepd
1395 839 1396 852 1

319 882 467 946 resurrec
498 904 608 960 onem,
626 885 717 970 quod
733 897 827 946 erunt
834 879 927 974 fient
945 885 1065 966 Angeia·
1078 884 1211 947 incaelo.
1232 881 1367 968 Angebat·

319 979 390 1051 tem
409 965 566 1051 ‘propriis
597 963 773 1032 ordinibus
796 966 1042 1052 disponuntur:
1058 973 1060 978 “
1076 963 1276 1051 disponentur
1291 963 1368 1044 itaque

321 1035 531 1112 ct'iaominei
555 1047 688 1113 diversre
709 1049 874 1112 virtutum
898 1048 1171 1114 ordinationibus.
1205 1051 1242 1113 dt
1258 1045 1277 1109 fi
1292 1043 1367 1107 itaiu·

319 1129 390 1193 tuti
412 1125 508 1220 [unt.
539 1131 620 1196 licet
641 1131 717 1224 pp'st'
733 1144 909 1218 peccatum
924 1146 953 1212 ,ζ
964 1133 1115 1218 profecto
1129 1129 1230 1194 'futuri
1249 1123 1367 1197 esteroi

170 1255 175 1266 ι
268 1272 272 1290 Α
319 1227 390 1276 non
411 1230 608 1302 peccarent:
631 1217 697 1278 hoc
719 1215 853 1278 estnon
876 1216 993 1280 eodem
1015 1217 1117 1278 modo
1143 1207 1367 1295 contemplatione

319 1291 472 1360 deritatia
493 1295 695 1362 fruerentur.
737 1300 842 1362 Porro
863 1297 990 1383 primus
1012 1299 1135 1370 homo,
1157 1311 1192 1360 ut
1210 1294 1250 1358 ait
1268 1294 1366 1355 Senatu

319 1373 540 1468 Augustinus,
563 1379 599 1444 in
620 1380 729 1467 prima
747 1382 803 1446 sua
821 1380 1028 1453 conditione,
1051 1380 1230 1468 priusquam
1244 1386 1367 1464 peccaret;
1396 1362 1397 1428 i

239 1520 243 1528 f
319 1463 433 1546 ri'eque
463 1461 593 1547 sapiens
622 1478 709 1538 erat,
743 1485 855 1550 neque
886 1463 1056 1550 insipient.
1113 1463 1147 1526 Si
1174 1455 1367 1540 enimiapitnt

321 1565 394 1608 non
427 1547 539 1609 Deum
568 1547 746 1621 detererem
778 1563 817 1610 ut
844 1547 943 1612 uxori
974 1548 1051 1610 suae
1072 1544 1270 1614 consentiret,
1295 1553 1368 1622 neque

316 1623 459 1712 it'tbaute
482 1644 612 1714 ageret,
634 1651 679 1692 ne
700 1628 895 1694 Diabolicae
923 1629 1058 1694 astutiae
1083 1627 1252 1716 superbiam
1268 1619 1368 1686 imitare·

321 1723 398 1784 tura
422 1729 492 1772 non
519 1711 608 1775 enim
632 1713 787 1774 seductue
812 1711 871 1786 est,
896 1713 950 1774 fed
975 1711 1126 1798 superbia
1147 1711 1281 1776 inflatur:
1303 1703 1368 1796 fiat·

319 1806 390 1856 tem
412 1787 573 1876 infipiene'
583 1839 592 1867 ,
626 1791 700 1878 quie
723 1792 903 1858 crediderit
924 1799 1035 1858 Deum
1059 1795 1165 1858 feciffe
1183 1789 1323 1857 bominem
1338 1803 1367 1843 tu·

317 1871 497 1962 'fipieptem
533 1878 574 1938 ad
595 1874 777 1962 imaginem
801 1889 835 1938 et
856 1875 1109 1942 fimilitudinem
1131 1878 1222 1940 suam.
1256 1867 1368 1962 Profecto
1397 1884 1398 1950 t

317 1959 464 2046 'quadam
483 1956 665 2022 medietate
683 1957 823 2022 libratur
840 1957 929 2020 inter
946 1959 976 2022 fa
1003 1958 1141 2024 ientiam
1157 1975 1186 2021 et
1200 1952 1367 2040 infipientlam
1397 1965 1398 2006 i

319 2039 483 2128 conditus
505 2040 566 2113 est,
600 2055 634 2103 et
654 2041 807 2104 futurum
830 2040 861 2104 ei
886 2055 954 2104 erat
976 1981 1107 2126 iiepiena
1128 2040 1211 2112 fieri.
1240 2031 1368 2102 fimanda·

323 2138 396 2187 tum
421 2120 485 2186 De'i
508 2123 661 2186 ferraret.
703 2125 783 2188 Non
807 2123 896 2186 enim
921 2123 968 2186 ait
986 2124 1059 2187 Scri
1086 2141 1170 2199 tura,
1191 2113 1368 2186 faciamueho·

322 2206 452 2272 minem
475 2203 657 2291 imaginem
680 2221 714 2270 et
737 2205 988 2270 fimilitudinem
1011 2227 1059 2271 no
1120 2229 1172 2282 ως
1204 2199 1369 2266 sedadt'nr-

323 2293 432 2372 ginem
455 2302 488 2350 et
499 2286 754 2378 flmilitudr'nqn
770 2287 936 2380 'nostraene
957 2309 995 2353 ac
1016 2289 1040 2352 st
1062 2292 1158 2376 piane
1178 2287 1329 2360 diceretur3
1345 2275 1370 2336 td

322 2373 391 2436 boc
412 2369 573 2434 iaciamus
595 2370 792 2445 bominem,
822 2387 860 2434 ut
883 2373 905 2435 fi
926 2389 1142 2459 praeceptum
1163 2369 1285 2435 nostrum
1302 2357 1369 2456 cqstfl·

324 2451 444 2526 aierit,
467 2451 579 2538 imago
604 2453 712 2516 nostra
734 2469 768 2517 et
790 2453 971 2517 fimilitudo
995 2455 1064 2520 fiat.
1107 2459 1179 2531 Non
1201 2471 1266 2536 ergo
1281 2447 1370 2535 [aptent
1398 2467 1399 2506 3

321 2535 431 2598 factus
454 2534 516 2608 est,
552 2535 608 2598 sed
630 2555 750 2620 capax,
780 2537 946 2609 fivellet,
970 2537 1160 2621 sapientiae.
1197 2529 1294 2598 Potuit
1310 2541 1370 2618 caup

322 2615 522 2703 rapientium
545 2637 684 2702 capere,
708 2620 805 2680 etad
828 2622 899 2695 eiua
920 2619 1073 2684 habitum
1096 2616 1270 2706 pervenire,
1287 2610 1371 2673 fidel·

321 2721 423 2764 num‘
439 2698 614 2778 confilium
644 2697 801 2762 noluiffet
829 2701 994 2786 spernere.
1087 2702 1214 2767 uoniam
1239 2713 1303 2788 terp
1325 2703 1371 2750 ποῦ

323 2783 451 2848 furium
483 2781 596 2846 versuo
628 2804 689 2867 per
719 2782 898 2846 custodiam
931 2786 1082 2848 mandata
1113 2787 1153 2849 ad
1179 2765 1372 2867 sapientores}

326 2878 493 2950 erexerat3
514 2865 571 2928 sed
591 2885 740 2962 pronus,
766 2869 837 2943 ejus
884 2887 917 2928 er
940 2867 1234 2954 transgreffionem,
1253 2859 1282 2922 in
1295 2852 1372 2918 libo·

324 2968 406 3013 nem
429 2947 664 3032 temporahum
683 2963 717 3011 et
741 2889 940 3012 sensibiiium
962 2971 1075 3015 rerum
1099 2952 1150 3014 sna
1165 2935 1372 3036 propriavplun·

323 3045 395 3096 tate
419 3045 607 3106 corruerat;
637 3031 714 3116 pluo
736 3029 893 3116 infipiena
915 3046 1014 3116 atque
1036 3033 1222 3120 imprudena
1240 3021 1374 3116 erisspmtss·

229 3159 234 3182 .
278 3159 281 3168 ·
325 3117 388 3180 due
418 3113 479 3188 est,
518 3111 619 3178 etiam
652 3111 846 3210 priusquam
869 3129 1041 3198 peccaret,
1076 3107 1373 3202 quam'sapientraed

294 3193 527 3286 .prudentiae
557 3211 744 3282 appetitor:
800 3194 946 3259 raeceffit
975 3197 1067 3263 enim
1100 3191 1273 3284 infipientia
1295 3197 1372 3272 etru-

324 3278 506 3366 prudentia
526 3293 714 3364 peccatum.
790 3299 874 3362 eque
894 3281 960 3344 boc
983 3281 1114 3368 accepit
1134 3303 1172 3344 ex
1190 3273 1279 3343 caoiie
1294 3261 1373 3331 cond·

322 3360 447 3434 tionis.
470 3361 527 3424 sed
549 3360 773 3426 mutabilitate
794 3360 948 3447 propriae
969 3363 1170 3435 volontarie,
1200 3376 1274 3452 quae
1292 3371 1321 3412 ex
1336 3361 1372 3405 [θ’

265 3490 270 3501 .
322 3443 487 3509 toralibus
509 3443 611 3508 caude
632 3461 843 3531 nequaquam
864 3444 1032 3521 nescitum
1060 3445 1212 3533 insipient
1227 3439 1313 3529 igitur
1327 3435 1373 3490 ⁶¹²³

323 3541 358 3590 et
380 3525 576 3614 imprudens
599 3541 676 3591 ante
698 3525 984 3614 transgreffionem
1005 3529 1170 3602 mandati,
1200 3543 1253 3610 per
1271 3511 1373 3598 sapim

321 3609 430 3673 iactae
459 3609 513 3674 est.
569 3611 725 3675 Attamen
756 3610 779 3674 fi
810 3615 1005 3675 mandatum
1036 3633 1106 3678 non
1133 3627 1216 3674 trane
1253 3603 1373 3665 ederetur,

262 3717 268 3732 ·
323 3690 463 3756 fortaffie
484 3713 596 3780 neque
617 3715 657 3758 ex
679 3693 839 3780 paradiso.
854 3695 1092 3779 expelleretur-3
1115 3695 1168 3758 sed
1188 3687 1256 3754 soie
1273 3687 1373 3746 natant

323 3776 400 3838 [uae
420 3775 539 3850 bonis,
562 3797 647 3867 quae
667 3777 704 3846 in
718 3776 832 3862 prima
852 3777 1049 3842 conditione
1066 3777 1116 3842 sui
1134 3779 1302 3860 acceperat..
1314 3760 1373 3821 sm*

320 3871 431 3930 retur,
454 3855 558 3944 inque
572 3859 619 3922 eia
638 3863 780 3946 quadam
794 3857 954 3928 felicitate
969 3861 1163 3934 laetaretur,
1185 3855 1373 3985 quth'pfl'

321 3938 522 4026 ticipatione
550 3943 700 4007 summae
729 3943 912 4029 sapientiae
935 3959 968 4008 et
986 3941 1182 4030 prudentiae
1200 3943 1303 4003 mento
1330 3934 1371 3982 ¹¹¹⁶

322 4022 480 4089 stultitiae
503 4038 536 4086 et
556 4025 719 4092 fatuitatis
739 4026 936 4114 privaretur.
975 4028 1101 4092 Multae
1121 4021 1269 4110 fiqnideru
1287 4027 1318 4073 οὓ
1333 4019 1371 4088 pe·

320 4127 367 4170 ne
397 4127 513 4172 omnea
542 4104 750 4194 improvidos
783 4123 817 4172 et
833 4107 1042 4196 insipienter
1062 4111 1165 4173 laetor
1187 4119 1218 4169 et
1235 4098 1371 4164 contente

233 4264 236 4279 Ι
322 4189 386 4254 effe
413 4189 568 4255 audimur
599 4193 641 4254 de
669 4191 846 4259 nobilitate
868 4193 1017 4280 generir'¹
1046 4195 1088 4258 de
1108 4187 1250 4278 pluribat
1268 4169 1368 4244 cossfffl'
