2970 4826
297 261 385 338 398
625 265 681 336 lle
700 265 884 336 vultune
903 201 1093 338 Natam

302 443 486 514 flatilitudo
505 443 739 534 infipicntiam
760 447 956 516 animalium
974 447 1194 538 sequuta'eiit
1203 442 1342 552 factus,
1368 449 1421 514 in·

300 530 392 618 quit.
413 532 507 596 homo
529 535 561 595 in
582 534 725 598 animam
746 536 921 599 viventem.
966 535 1044 600 Non
1071 531 1178 608 dixit.
1200 555 1237 600 an
1261 531 1420 620 spiritum

300 613 542 678 vivificantem.
585 619 714 680 Primus
743 623 827 682 enim
853 621 946 684 homo
975 621 1017 681 da
1044 631 1135 682 terra
1164 629 1330 694 terrenus,
1372 616 1423 679 ait

300 683 675 793 dpoiioluar·secundus
693 699 810 776 irom0‚'
828 699 865 764 in
888 723 955 790 quo
978 717 1047 765 tota
1069 717 1190 764 natura
1207 703 1355 764 humana
1369 720 1423 762 re·

299 783 440 846 iiaurata
461 781 521 856 est,
544 784 588 846 de
605 783 693 848 coelo
714 783 872 872 coelestis.
917 789 966 850 Et
986 807 1048 850 non
1068 787 1178 866 prim.
1200 782 1326 871 inquit,
1349 785 1421 847 hoc

302 866 368 940 eli,
392 863 428 929 in
450 865 560 951 primo
582 865 724 932 homine
745 867 1016 956 praevaricante,
1063 869 1129 934 uod
1164 869 1334 949 pirituula‚
1348 862 1422 958 Jed

298 950 389 1036 quod
413 951 580 1026 'onimoier
608 952 744 1026 deinde.
775 953 842 1016 hoc
871 951 931 1028 est,
964 951 1001 1018 in
1033 891 1061 1015 iq

364 1034 388 1096 d
432 1033 610 1116 pirituoiat
639 1035 706 1102 hoe
738 1035 840 1100 etiam
869 1049 979 1100 textua
1014 1035 1150 1100 divinae
1171 1033 1326 1101 historiae
1348 1031 1421 1097 evi·

324 1117 395 1182 enti
435 1139 494 1182 mc
519 1119 674 1182 declarat.
717 1121 803 1184 Nam
833 1119 1006 1206 postquam
1034 1119 1214 1184 fecundam
1246 1115 1417 1182 conditio·

300 1215 380 1266 nent
403 1201 526 1266 terreni
548 1199 697 1267 hominia
719 1203 760 1267 de
778 1201 862 1266 limo
886 1216 1013 1276 terrae,
1051 1217 1258 1268 caeterorum
1288 1199 1417 1264 anima-

300 1281 385 1348 lium
415 1283 652 1359 iimilitudine,
693 1283 730 1350 in
762 1283 907 1350 animam
934 1283 1107 1350 viventem
1128 1284 1336 1350 introducite
1373 1305 1419 1347 ne

300 1367 444 1454 primam
467 1365 700 1433 conditionem
725 1371 767 1433 ad
788 1368 969 1454 imaginem
992 1369 1058 1434 Dei
1079 1368 1309 1434 introductam
1324 1367 1418 1430 aelli·

300 1471 426 1528 marea,
449 1451 554 1540 ipsam
578 1449 721 1540 primam
745 1452 874 1516 ieorfim
897 1449 1037 1519 addidit.
1066 1453 1285 1516 Plantaverar
1303 1463 1417 1514 autem

300 1535 475 1608 Dominua
501 1537 598 1600 Deus
627 1532 817 1621 paradisum
840 1535 1027 1618 voluptatis
1047 1537 1081 1599 in
1101 1539 1276 1619 principio.
1320 1537 1369 1598 Δο
1393 1535 1418 1598 fi

231 1653 240 1666 ·
302 1615 447 1684 diceret:
469 1619 549 1683 Noli
569 1614 713 1706 primam
734 1617 993 1694 conditionem,
1016 1617 1052 1682 in
1076 1641 1116 1684 eo
1132 1621 1230 1704 ¹quod
1253 1606 1417 1716 scriptum

303 1701 365 1774 eii.
399 1715 433 1765 ar
448 1696 574 1794 faetus
602 1725 622 1762 e
669 1705 762 1767 homo
780 1704 819 1766 'in
838 1705 979 1766 animam
998 1707 1182 1780 uiuentem,
1212 1701 1322 1765 intelli
1349 1721 1417 1778 ere,

302 1785 359 1848 l'ed
372 1785 570 1850 ‘secundam
641 1781 759 1850 rimam
782 1786 895 1849 autem
915 1786 952 1849 in
975 1785 1186 1871 plantatione
1207 1721 1348 1874 paradii
1362 1781 1417 1847 in-

302 1865 439 1955 tellige.
481 1867 650 1962 plantavit
678 1867 840 1954 liquidem
873 1871 965 1933 Deae
991 1868 1183 2016 paradisum
1215 1867 1416 1954 voluptaria,

301 1951 369 2014 hoe
398 1949 459 2027 eii,
486 1951 679 2017 ¹humanam
705 1967 861 2016 naturam
889 1951 926 2016 in
950 1953 991 2016 de
1005 1951 1080 2017 iciie
1102 1969 1256 2015 aeternae
1278 1948 1420 2014 felicita·

303 2032 358 2098 tia.
400 2036 445 2098 Et
471 2034 531 2099 ubi
552 2034 793 2122 plantaverati·
829 2039 866 2099 ln
889 2034 1059 2124 principio
1082 2035 1258 2109 videlicet,
1289 2031 1418 2120 inquo

301 2115 387 2181 iecit
405 2122 497 2182 Deue
520 2122 652 2184 coelum
675 2133 709 2182 et
731 2117 862 2182 terrim.
898 2123 1034 2182 lntuere
1054 2119 1125 2182 virn
1147 2120 1337 2182 verborum.
1376 2121 1416 2180 ln

302 2201 447 2266 larunda
471 2201 670 2275 conditione
688 2203 793 2266 aerbo
810 2201 982 2286 praeteriti
995 2199 1138 2288 perfecti
1154 2203 1320 2287 propheta
1334 2201 1414 2263 uiua

302 2283 363 2372 eii,
393 2287 515 2349 Factus
544 2285 607 2378 esi,
637 2284 769 2370 inquit,
800 2287 894 2350 domo
927 2287 961 2348 in
990 2289 1132 2348 animam
1159 2288 1344 2348 viventem:
1377 2283 1415 2346 in

300 2366 409 2452 prima
429 2389 510 2432 vero
532 2372 636 2433 verbo
656 2366 829 2454 praeteriti
849 2369 1028 2454 plusquam
1048 2366 1208 2454 perfecti,
1238 2361 1414 2432 Plantam-

301 2465 357 2516 ναΐ
385 2453 552 2518 Dominus
579 2454 676 2516 Deus
702 2449 917 2539 paradisum,
951 2465 991 2514 ut
1021 2469 1241 2537 cognosceres
1268 2447 1416 2536 primam

1047 973 1133 1018 ecun
1160 951 1418 1024 orellaurante‚

304 2531 470 2620 dignitate
498 2549 532 2599 et
553 2533 784 2606 beatitudine,
814 2555 885 2598 non
908 2548 1022 2596 autem
1043 2548 1193 2630 ternpore
1214 2535 1417 2678 praecedere

301 2616 500 2682 fecundam:
531 2617 566 2680 in
621 2635 664 2680 ua
690 2615 798 2702 prima
821 2630 933 2678 tantae
954 2615 970 2677 i
992 2613 1197 2680 iritualatatia
1244 2635 1322 2680 omo
1343 2617 1418 2680 fue-

302 2715 371 2780 rpt.
393 2715 433 2763 nt
453 2698 556 2764 nullia
577 2639 688 2763 uibus
710 2695 934 2784 corporalium
970 2699 1110 2764 enluum
1132 2697 1318 2786 indigeret,
1355 2700 1414 2762 led

303 2784 373 2849 io‘lo
396 2783 642 2872 intelligentiae
664 2779 777 2846 officio
800 2781 976 2846 frueretur.
1020 2782 1124 2868 Quod
1144 2798 1255 2846 autern
1279 2781 1415 2846 sanctur

302 2867 490 2932 dmbroiiue
513 2867 662 2938 testatur,
686 2864 818 2944 dicenaa
841 2867 910 2940 „Et
931 2865 1037 2952 aperti
1060 2865 1151 2942 lunt,
1175 2869 1297 2950 iuquit,
1320 2865 1414 2929 oculi

302 2969 436 3025 eorum,
469 2956 503 3013 ct
533 2964 769 3038 cognoverunt
796 2951 888 3034 quod
909 2947 995 3012 nudi
1016 2947 1129 3018 allent.
1171 2951 1217 3012 Et
1238 2963 1315 3012 ante
1337 2947 1431 3033 qui·-

300 3036 379 3100 uem
408 3033 494 3098 nudi
523 3050 635 3108 erant,
667 3033 724 3094 led
755 3049 827 3094 non
858 3031 925 3099 line
955 3029 1121 3094 virtutum
1148 3029 1415 3118 integumentis:

300 3115 397 3180 nudi'
418 3131 512 3180 erant
532 3131 671 3204 propter
690 3135 823 3178 morum
844 3113 901 3178 firn
925 3111 1123 3189 licitatem‚'
1143 3129 1177 3179 et
1221 3119 1289 3180 uod
1311 3115 1415 3179 amic-

301 3215 375 3264 tum
397 3198 523 3264 irradia
544 3217 664 3262 natura
685 3197 837 3260 nesciret.
920 3217 989 3261 unc
1011 3213 1123 3262 autem
1145 3133 1261 3262 matitia
1281 3197 1416 3262 famula·

301 3283 436 3348 tionum
465 3280 651 3346 involucris
683 3301 777 3342 mena
811 3283 958 3344 humana
986 3281 1127 3345 velatur.
1168 3281 1258 3346 Ero
1312 3282 1413 3345 ostea-

302 3387 402 3452 quam
432 3363 590 3452 spoliatos
620 3364 653 3426 ie
674 3361 730 3426 illa
751 3361 938 3426 finceritate
959 3381 997 3428 ac
1018 3303 1237 3451 simplicitati
1249 3301 1414 3448 uiierunt

301 3449 452 3536 integrae
480 3445 947 3534 incorruptaeque'naturae.
1012 3469 1148 3512 uaerere
1174 3447 1346 3512 mundana
1379 3463 1415 3512 ct

300 3531 493 3598 manufacta
514 3545 718 3617 coeperunt,
763 3527 862 3594 uibus
884 3532 977 3593 nuda
990 3469 1074 3594 inae
1084 3525 1207 3595 mentii
1217 3529 1409 3618 operirent,

302 3629 337 3679 et
367 3615 607 3679 obumbrarent
637 3551 783 3702 genitiie
802 3613 977 3679 secretum.
1018 3615 1104 3679 Nam
1128 3613 1300 3700 quomodo
1323 3617 1415 3679 clau·

302 3698 353 3762 loa
384 3697 501 3762 oculca
531 3697 681 3787 corporis
707 3693 828 3760 habuit
850 3697 976 3770 Adam,
1009 3695 1069 3786 qui
1089 3695 1203 3762 omnia
1225 3697 1414 3764 animantia

300 3777 388 3844 vidit
410 3793 445 3844 et
464 3779 531 3849 illie
551 3801 676 3848 nomen
698 3777 888 3865 imposuit?
906 3783 1077 3868 quomodo
1100 3777 1289 3868 cognovit?
1321 3783 1410 3846 inte-

300 3861 389 3930 riore
410 3863 571 3930 videlicet
585 3879 620 3930 et
647 3859 765 3928 altiore
786 3861 952 3938 lcientia,
976 3881 1046 3928 non
1069 3863 1221 3930 tunicam
1243 3859 1319 3942 fibi,
1350 3867 1409 3929 led

300 3946 465 4013 virtutum
490 3947 597 4014 docile
614 3945 815 4012 velamina?
856 3947 985 4012 Eodem
1006 3945 1114 4034 igitur
1131 3951 1236 4014 modo
1277 3968 1321 4014 uo
1337 3969 1409 4014 om-

301 4028 358 4096 nia
378 4030 535 4098 animalia
555 4029 660 4106 vidit,
682 4030 774 4096 luam
794 4029 982 4094 nuditatem
1003 4029 1186 4130 eognpvit,
1221 3965 1291 4098 [oin
1313 4030 1410 4097 vide-

300 4113 381 4180 licet
401 4112 570 4182 interioris
593 4113 753 4179 scientiae
772 4111 980 4202 iimplieique
999 4131 1125 4180 mentre
1141 4115 1258 4194 oculo,
1281 4118 1337 4180 aba
1363 4135 1410 4180 ue

302 4197 484 4284 corporalia
504 4195 721 4284 mortaliaque
740 4193 853 4264 ronta·
874 4192 1009 4262 auxillo.
1052 4195 1117 4264 ubl
1139 4202 1239 4264 datm·
1258 4135 1411 4286 inteliigr’
