3048 4856
236 169 326 268 ‘aaa
587 195 643 266 oe
663 193 845 268 mamm
864 193 1038 268 raam.

249 377 350 446 vidit.
391 379 574 465 Quomodo
602 381 695 447 enlm
723 395 909 448 creaturam
936 379 1027 445 vidit
1046 397 1133 466 quae
1154 377 1266 443 adhuc
1287 395 1368 441 non

251 478 321 561 erat
342 461 458 528 factal
480 465 525 526 Et
546 485 611 530 nec
635 465 728 530 aliud
747 481 880 553 praeter
900 478 1086 530 creaturam
1106 459 1204 560 vidit.
1248 461 1370 558 Omne

248 544 1370 718 fatererxlxffrxxtxtx{lelex3213:

249 729 359 778 turam
388 712 499 790 vidit,
537 737 628 863 quae
650 719 760 782 adhuc
780 735 851 781 non
873 715 917 779 ell
937 729 1057 780 creata.
1100 675 1284 799 Quomodo
1306 731 1369 772 au·

250 811 319 862 tem
350 793 439 864 vidit
466 805 533 884 quo
580 802 691 866 adhuc
710 821 781 866 non
805 798 900 864 erat?
939 798 975 862 Si
996 797 1032 864 in
1056 817 1097 861 eo
1121 811 1191 860 erat
1222 809 1257 858 et
1282 791 1370 858 ideo

248 879 358 944 visum
380 879 442 956 ell,
478 881 556 968 quia
578 889 664 959 e'rat,
694 883 848 970 profecto
871 897 941 946 erat
963 897 1040 945 ante
1062 895 1247 944 creaturam
1269 878 1369 964 quod

250 979 401 1029 ereatura
417 981 593 1030 nouerat.
629 966 665 1034 Si
687 983 801 1031 autem
822 967 910 1032 solua
926 969 1018 1028 Deua
1032 979 1110 1028 ante
1125 983 1262 1030 omnem
1275 981 1369 1025 crea·
1515 967 1516 1058 l

248 1062 357 1111 turam
386 1046 505 1112 finitur
536 1049 620 1126 elle,
652 1049 703 1115 nil
737 1047 830 1115 aliud
858 1045 1031 1135 praecellit
1057 1063 1243 1112 creaturam
1270 1044 1369 1142 quod
1515 1059 1516 1072 ³

167 1199 171 1207 ,
200 1127 211 1146 “
250 1133 344 1194 Deua
375 1129 507 1196 videret
535 1147 715 1221 antequam
742 1134 874 1212 ‘faceret
895 1147 1099 1205 creaturam,
1128 1129 1192 1195 nifi
1214 1141 1271 1192 aut
1291 1126 1369 1212 ipse

252 1229 312 1278 aut
333 1229 466 1280 aeterna
486 1213 523 1278 in
547 1217 597 1291 le,
620 1233 655 1282 et
675 1234 853 1300 coaeterna
874 1214 934 1280 libi
954 1230 1113 1280 creatura.
1157 1213 1369 1277 Confectum

253 1297 298 1362 est
320 1297 411 1361 enim
432 1296 522 1362 inter
544 1319 607 1364 noa
629 1300 806 1366 dominum
834 1298 952 1364 vidille
973 1319 1058 1385 quae
1080 1294 1236 1360 facienda
1258 1307 1368 1368 erant,

251 1401 323 1446 non
348 1380 473 1462 enimi
523 1403 621 1449 orana
643 1384 725 1450 lecit
746 1398 806 1447 aut
829 1403 900 1448 non
922 1381 1124 1468 praevidens
1144 1381 1236 1466 qood
1253 1378 1370 1440 facere

171 1504 175 1512 ι
250 1463 372 1529 voluit.
402 1469 446 1528 D.
495 1482 610 1553 eptum
631 1489 686 1532 me
707 1466 861 1552 undique
881 1465 983 1530 video
1000 1466 1195 1608 nullampue
1209 1457 1371 1558 fugiendi

251 1545 343 1611 viam
363 1569 555 1624 remanere;
578 1571 657 1614 nam
678 1551 703 1615 st
724 1550 839 1616 dixero
861 1549 1049 1614 Dominum
1071 1547 1107 1610 in
1142 1545 1171 1609 ei
1200 1545 1232 1608 lo
1247 1542 1370 1607 vrdall'e

254 1650 341 1715 quae
362 1631 657 1723 faciendaqerant,
680 1645 783 1720 cogor
803 1633 901 1731 fatpri
922 1631 1066 1720 seipsum
1086 1629 1158 1693 vidi
1185 1625 1293 1714 equia
1308 1628 1371 1689 ad·

191 1725 206 1736 ‘
239 1713 321 1802 Δὶιιμ
342 1733 414 1777 non
436 1730 507 1778 erat
527 1731 678 1786 creatura
699 1737 799 1802 quam
819 1719 971 1791 vaderet,
993 1735 1058 1780 nec
1080 1712 1172 1776 aliud
1195 1725 1265 1775 crat
1286 1723 1370 1773 ante

252 1811 596 1892 omnemocreaturanp
618 1801 709 1881 quod
731 1815 862 1881 praeter
882 1799 1025 1880 seipsum
1043 1794 1161 1858 videre
1177 1789 1284 1878 poffit.
1315 1794 1369 1856 lle

250 1897 313 1964 per
342 1879 409 1942 hoc
438 1877 463 1941 fi
494 1897 609 1941 omma
641 1899 726 1963 quae
755 1875 910 1941 facienda
940 1892 1035 1940 erant
1062 1875 1098 1940 in
1129 1874 1235 1960 leiplo
1263 1873 1366 1951 vidit,

251 1959 449 2047 priuaquam
470 1959 591 2024 fierent
610 1959 790 2026 necellario
813 1961 858 2025 lei
885 1960 957 2024 lum
976 1957 1109 2035 vidiae,
1132 1979 1212 2022 vera
1228 1957 1369 2022 docebit

250 2042 338 2106 ratio
373 2053 409 2106 et
437 2041 509 2141 ipse
531 2043 594 2108 erit
616 2043 731 2108 omnia
752 2065 838 2130 quae
860 1983 952 2108 lecit.
996 2042 1031 2108 Si
1054 2064 1092 2106 ea
1114 2061 1203 2130 quae
1218 2039 1307 2106 vidit
1327 2040 1369 2105 in

251 2124 358 2213 leiplo
388 2125 489 2201 fecrt,
522 2141 556 2191 et
588 2126 653 2190 erit
681 2127 790 2202 factor
820 2143 855 2192 et
874 2128 1014 2193 factura.
1059 2125 1094 2190 si
1115 2141 1227 2189 autem
1250 2123 1367 2191 dixero

253 2223 438 2274 creaturam
458 2208 547 2273 vidit
567 2209 757 2276 faciendam
780 2211 976 2298 priusquam
998 2209 1102 2283 lieret,
1115 2207 1266 2272 dicturus
1280 2208 1365 2273 eria=

250 2295 331 2357 Erat
359 2313 438 2378 ergo
468 2307 617 2356 creatura
647 2309 826 2380 antequam
859 2293 973 2368 fieren
1003 2293 1253 2358 fienim‘Dcua
1274 2290 1369 2357 vidit
1403 2311 1415 2358 t

253 2397 326 2462 qam
343 2390 522 2461 antequam
543 2375 659 2449 lieret,
680 2377 764 2440 illud
784 2399 863 2440 vere
887 2375 1142 2442 substantialiter
1163 2391 1250 2450 erat,
1271 2377 1369 2462 quod

250 2463 344 2524 Deua
372 2456 409 2520 in
438 2479 476 2521 ea
498 2456 586 2521 vidit
601 2449 802 2556 priusquam
825 2460 931 2524 fieret.
987 2460 1178 2526 Non-enim
1200 2463 1292 2523 Deua
1312 2458 1365 2522 vi·
1437 2533 1449 2548 .

254 2541 305 2609 dit
336 2541 414 2604 falla
438 2543 518 2606 dum
539 2540 579 2604 fit
599 2543 885 2608 ancommutabilie
903 2543 1050 2619 veriam,
1085 2561 1120 2609 et
1142 2565 1243 2610 omne
1268 2543 1363 2628 quod
1515 2585 1516 2610 r

252 2625 290 2691 in
320 2645 359 2688 ea
387 2622 448 2699 est,
485 2645 603 2688 verum
635 2642 669 2690 et
695 2626 973 2691 incommutabile
1000 2629 1053 2693 est.
1095 2631 1140 2691 Et
1166 2627 1303 2692 fiDeua
1324 2625 1364 2690 in
1393 2701 1395 2705 ,
1515 2629 1516 2694 l

127 2786 139 2798 ι
253 2707 299 2773 lei
325 2707 359 2772 lo
380 2705 469 2772 vidit
489 2722 673 2774 creaturam
688 2709 889 2810 priuaquam
900 2709 1006 2788 fieret,
1030 2713 1159 2798 semper
1169 2709 1257 2775 vidit
1268 2709 1362 2797 quod
1515 2719 1516 2772 l

251 2731 350 2858 viiic
392 2791 470 2855 Non
505 2789 597 2856 enim
626 2791 750 2858 accidit
778 2813 809 2858 er
836 2793 954 2860 videre
981 2797 1073 2883 quod
1100 2793 1196 2858 videt
1224 2795 1360 2881 quando

251 2896 323 2942 non
346 2875 438 2938 allud
460 2873 504 2938 eil
525 2876 556 2940 ei
581 2875 644 2940 elle
666 2891 700 2940 et
722 2874 814 2941 aliud
834 2875 960 2944 videre.
1003 2879 1106 2966 lpfiua
1126 2899 1272 2974 namque
1289 2877 1361 2942 sun·

1515 3203 1516 3246 l

251 2961 330 3048 plex
349 2973 469 3030 natura
490 2957 542 3025 est.
586 2958 622 3024 Si
644 2975 756 3024 autem
777 2961 905 3047 semper
926 2959 1016 3026 vidit
1036 2962 1128 3048 quod
1148 2959 1257 3035 vidit,
1280 2961 1361 3024 lem·

128 3087 140 3096 -
252 3063 314 3130 per
343 3057 413 3106 erat
444 3047 536 3130 quod
561 3042 668 3120 vidit,
701 3064 739 3108 ac
766 3067 827 3131 per
858 3047 924 3111 hoc
954 3061 1126 3110 aeternum
1149 3044 1213 3108 elle
1233 3043 1362 3109 uccelle

253 3126 318 3201 est,
352 3128 445 3214 quod
472 3125 577 3202 vidit,
610 3143 644 3190 et
664 3127 688 3191 fi
709 3143 894 3192 creaturam
913 3127 1018 3205 vidit,
1052 3149 1137 3215 quae
1158 3130 1269 3192 adhuc
1288 3147 1360 3193 non

149 3265 151 3270 .
252 3225 340 3285 erat,
375 3224 410 3274 et
437 3223 507 3272 erat
534 3213 626 3296 quod
654 3209 760 3294 vidit3
795 3231 897 3276 omne
925 3211 1016 3278 enim
1038 3213 1130 3297 quod
1151 3214 1243 3275 Deua
1264 3210 1359 3276 ridet

252 3314 372 3358 verum
394 3307 429 3356 et
449 3307 623 3358 aeternum
645 3293 697 3357 est.
752 3294 809 3358 Nil
831 3295 922 3360 aliud
943 3295 1146 3380 relinquitur
1166 3289 1229 3358 nili
1249 3310 1289 3358 ut
1309 3293 1360 3358 in·

252 3376 441 3463 telligamua
462 3391 646 3440 creaturam
667 3376 763 3442 fuille
784 3377 822 3442 in
844 3383 918 3444 Deo
938 3379 1134 3466 priusquam
1155 3377 1251 3442 fieret
1270 3376 1307 3441 in
1325 3377 1359 3442 le
1417 3405 1420 3412 ⁴

251 3459 341 3547 ipsa:
373 3457 562 3545 duplexque
593 3462 634 3525 de
662 3476 812 3524 creatura
845 3462 979 3526 dabitur
1009 3461 1212 3526 intellectus.
1263 3463 1358 3526 Unue

134 3589 142 3601 .
253 3541 312 3630 qui
333 3541 517 3606 confideret
537 3541 768 3608 aeternitatem
790 3545 890 3643 ipfiua
911 3545 948 3610 in
971 3543 1087 3610 divina
1106 3543 1304 3632 cognitione
1319 3543 1358 3610 in
1387 3525 1415 3563 '

253 3646 318 3713 qua
348 3623 462 3690 omnia
488 3647 567 3691 vere
599 3643 633 3692 et
663 3628 918 3694 substantialiter
963 3643 1147 3696 emanent.
1190 3630 1281 3694 Alter
1301 3628 1360 3716 qui
1497 3635 1501 3642 ’

251 3709 470 3796 temporalem
502 3705 735 3776 conditionem
762 3711 864 3798 ipliua
892 3653 1000 3776 veluti
1027 3713 1238 3799 pollmodum
1266 3711 1303 3776 in
1326 3713 1360 3778 le

229 3857 232 3863 ,
252 3790 265 3857 i
291 3792 333 3858 sa.
374 3793 442 3856 Etfi
462 3789 509 3856 ita
531 3795 575 3858 eli
594 3794 735 3860 rationis
757 3795 998 3884 consequentia
1020 3795 1196 3882 compellit
1215 3817 1360 3861 unnmo

277 3877 384 3941 uoboa
407 3874 547 3962 eligere,
570 3893 610 3942 ut
630 3895 689 3942 aut
709 3881 850 3944 eandem
866 3895 1051 3946 creaturam
1069 3878 1242 3945 meliorem
1257 3879 1362 3968 leipl'a

253 3975 313 4024 aut
340 3957 537 4025 inferiorem
564 3961 726 4028 dicamur.
767 3963 945 4030 Meliorem
978 3961 1116 4051 quidem
1138 3963 1362 4050 quantumin

253 4046 329 4110 Deo
352 4043 565 4110 aeternaliter
585 4046 739 4122 sublistit3
766 4045 964 4114 inferiorem
980 4067 1063 4112 vero
1084 4048 1307 4134 quantumin
1329 4049 1363 4114 [e
1515 4105 1516 4120 ,

253 4125 325 4214 ipla
359 4141 469 4195 creata
490 4127 552 4204 est,
585 4144 621 4195 et
641 4128 765 4197 creatio
786 4129 879 4200 illiue
898 4153 971 4200 nou
993 4129 1032 4200 in
1052 4134 1147 4210 Deo,
1179 4133 1236 4200 led
1254 4131 1362 4201 veluti
