3038 4828
271 173 350 300 eso
605 225 1057 322 aemmorrousae.

274 410 407 487 omnis,
427 431 513 501 quae
532 425 640 479 terrac
658 411 821 482 radicitus
837 410 1035 490 inhaerent,
1057 426 1094 478 et
1114 433 1156 480 cx
1174 424 1261 486 terra
1274 409 1404 480 crima·

275 512 349 575 tur,
378 495 566 564 secuudum
591 494 763 564 infinitam
788 497 1060 563 numerositatem
1081 496 1290 570 surculorum
1310 500 1401 562 her·

274 582 393 648 barum
416 599 475 656 ue,
513 594 549 644 et
576 579 687 644 nutrit
712 596 748 646 et
775 602 795 646 a
842 595 895 656 et,
934 579 1039 679 inque
1066 577 1194 666 species
1220 579 1399 668 proprias,

272 667 367 745 juxta
444 663 601 750 gulorum
631 685 795 750 generum
881 661 1101 738 illuminem,
1134 677 1169 728 et
1200 665 1403 729 naturalem

273 744 549 834 consequentiam
576 748 716 824 florum,
746 747 943 822 fructuum,
976 744 1160 822 seminum,
1190 767 1251 832 per
1270 769 1402 812 nume·

272 851 329 896 ros
349 831 522 906 locorum,
544 843 580 894 et
599 843 791 918 temporum
811 828 981 916 producit.
998 833 1137 894 ·Verum
1158 828 1319 916 quoniam
1334 851 1398 895 ex·

272 928 325 978 tra
348 933 470 1000 corpus
489 911 540 978 nil
561 934 658 1060 aqere
677 915 867 1002 praevalet,
899 933 964 978 nec
1010 913 1153 978 nicetae
1174 912 1282 989 ritae,
1317 933 1400 980 cor-

143 1047 146 1056 ,
271 995 482 1086 poribusque
511 996 588 1062 abso
603 1012 699 1076 ntae,
733 994 895 1062 virtutem
915 995 954 1060 in
990 995 1235 1072 emanisellat;
1266 995 1304 1062 in
1325 1018 1398 1062 uu·
1473 1079 1478 1082 ἱ

184 1098 189 1108 ’
273 1079 376 1146 meris
397 1078 579 1166 corporalia
599 1096 740 1146 natiuae
760 1079 897 1167 potius,
921 1099 1020 1166 quam
1042 1078 1078 1143 in
1101 1077 1275 1166 speciebus
1288 1099 1399 1166 gene·

271 1163 352 1230 ralis
369 1161 479 1240 ritae,
510 1161 643 1240 dirim,
678 1179 720 1229 ut
738 1161 984 1249 praediximus,
999 1161 1207 1228 'auctoritate
1228 1164 1396 1250 deputata

274 1247 330 1314 est.
371 1249 416 1310 Et
445 1245 606 1332 quoniam
632 1245 702 1333 ipsa
724 1268 793 1394 per
823 1245 875 1321 se,
910 1245 1102 1332 germinalis
1123 1243 1285 1310 videlicet
1303 1246 1393 1322 vita,

273 1331 344 1396 stne
372 1327 500 1394 altioris
528 1329 635 1404 ritae,
665 1331 722 1396 sen
739 1327 822 1394 uelis
853 1327 930 1396 dico
959 1342 995 1394 et
1012 1327 1204 1404 rationalis,
1238 1349 1395 1394 commu·
1459 1381 1463 1386 .

272 1412 380 1480 atione
425 1411 507 1477 otest
523 1409 691 1500 intelligi,
727 1411 901 1477 rationalis
921 1433 1002 1476 vero
1028 1427 1062 1476 et
1082 1411 1247 1476 sensualis⁴
1261 1415 1393 1500 absque

272 1496 333 1562 illa
362 1435 497 1561 nullum
529 1517 651 1583 corpus
672 1510 835 1582 vegetare
855 1493 1053 1560 naturaliter
1073 1495 1244 1569 linuntur,
1266 1499 1395 1562 'donee

272 1579 312 1646 in
332 1577 560 1666 superioribus
580 1578 767 1646 animarum
789 1577 982 1644 viventium
1003 1577 1120 1644 sonnis
1142 1578 1350 1655 inflaretur,
1375 1601 1397 1644 a
1508 1637 1511 1646 Α

273 1663 364 1730 saera
384 1661 548 1749 scriptura
568 1663 734 1728 reservata
756 1661 810 1726 eil.
852 1661 973 1726 Anima
995 1660 1156 1760 hquidcm
1178 1661 1272 1727 omni
1291 1662 1395 1728 sensu

273 1765 406 1821 carena,
428 1760 527 1810 motu
547 1767 683 1844 quoque
703 1743 802 1810 vitali
821 1743 932 1809 veluti
953 1764 1094 1810 ommno
1118 1765 1229 1810 carere
1241 1743 1393 1810 ridetur.

197 1883 201 1890 .
272 1829 323 1896 Ae
341 1849 403 1914 per
422 1830 490 1894 hoc
510 1849 622 1892 antma
644 1828 856 1892 solummodo
878 1823 1023 1902 dicitur,
1046 1848 1117 1891 non
1139 1841 1252 1892 autem
1268 1827 1393 1894 nivens

266 1909 397 1976 anima.
439 1911 514 1975 Nec
541 1911 609 1975 hoc
627 1907 770 1976 mirumt
802 1907 940 1974 sienim
963 1907 1001 1974 in
1019 1908 1209 1978 infantibus
1229 1910 1267 1974 in
1289 1927 1391 1981 utero

275 1991 469 2080 conceptis,
503 1993 563 2058 aut
591 2015 633 2058 ex
658 2008 756 2059 utero
779 1990 1031 2079 egredientibus
1053 1992 1127 2056 talis
1151 1992 1263 2058 anima
1284 1993 1392 2058 exilii·

271 2091 405 2152 matur,
434 2075 543 2140 veluti
571 2073 714 2140 rationis
740 2072 1063 2172 'intelligentiaeque
1094 2075 1236 2142 omnino
1260 2098 1389 2175 expers,

272 2181 354 2227 cum
374 2173 409 2224 ct
427 2158 638 2225 rationabilia
659 2174 695 2223 et
714 2156 958 2224 intellectibilis
979 2159 1038 2232 fit.
1073 2159 1224 2244 quamvis
1245 2159 1389 2226 rationis

274 2259 310 2310 et
341 2243 535 2310 intellectus
570 2241 700 2308 indicia
720 2241 758 2306 in
778 2239 971 2306 recentibus
994 2243 1104 2306 adhuc
1123 2257 1159 2305 et
1182 2242 1389 2330 imperfectis

273 2325 425 2415 corporis
451 2324 627 2413 particulis
657 2345 729 2390 non
751 2323 851 2412 poffit
870 2322 1099 2390 manifestare:
1130 2327 1389 2414 quantomagis

234 2411 242 2424 ’
273 2408 388 2476 anima
407 2407 464 2472 illa
471 2454 482 2485 ,
504 2407 752 2496 intelligentiae
772 2406 902 2472 viribus
925 2421 959 2470 et
977 2406 1117 2472 rationis
1141 2423 1175 2472 et
1195 2410 1308 2475 sensus
1329 2431 1387 2474 na·

272 2489 427 2558 turaliter
448 2489 622 2567 destituta,
644 2512 715 2555 non
738 2488 909 2555 immerito
931 2489 1062 2554 animae
1080 2491 1228 2558 viventis
1242 2496 1388 2558 vocabu·

271 2577 308 2643 lo
329 2594 401 2640 non
424 2573 543 2640 debuit
563 2571 601 2638 in
623 2571 796 2661 Scriptura
818 2571 1023 2659 fignificaris
1060 2576 1103 2636 D.
1132 2578 1235 2640 Hunc
1256 2577 1385 2646 sensum
1493 2651 1495 2658 ‚

273 2659 443 2747 approbo,
468 2671 502 2721 et
522 2670 662 2722 naturae
673 2679 786 2722 rerum
796 2655 1072 2752 propheticisque
1086 2657 1293 2724 sermonibus
1308 2680 1385 2726 oon·

270 2741 390 2808 venire
422 2738 601 2840 perspicio.
642 2743 871 2806 Veruntamen
893 2739 1055 2828 quoniam
1075 2740 1292 2817 multisunt,
1326 2742 1384 2830 qui

271 2827 453 2891 herbarum
483 2825 722 2912 hgnorumque
757 2845 933 2912 corporeas
955 2825 1060 2888 moles
1082 2825 1223 2892 omnino
1248 2826 1383 2892 vitalem

271 2925 406 2976 motum
425 2925 497 2974 non
518 2909 643 2974 habere
664 2909 897 2992 contendunt3
919 2905 1069 2974 dicentes
1089 2911 1231 2974 humore
1256 2929 1323 2996 quo
1337 2909 1384 2974 vi·

270 3007 429 3070 recount,
454 3006 489 3056 et
507 2992 603 3056 nulla
624 2990 691 3056 alia·
707 2991 780 3056 ’vita
798 2994 968 3078 vegetaris
986 3005 1093 3056 „tuam
1112 2992 1321 3089 praedictam
1343 2996 1383 3058 de

271 3078 395 3141 haere
418 3073 684 3162 disputationem
708 3073 803 3163 gravi
826 3075 970 3160 quadam
991 3090 1190 3140 auctoritate
1210 3075 1314 3140 velim
1334 3097 1384 3141 ro·

189 3165 192 3172 '
270 3158 402 3236 borari;
436 3180 523 3246 quae
554 3173 669 3246 aperte
690 3157 928 3245 pronuntiaret
946 3159 1064 3221 herbas
1087 3161 1286 3245 arboresque
1307 3181 1382 3246 qua·

267 3239 433 3329 licunque
466 3240 577 3329 specie
598 3241 690 3306 vitae
712 3237 939 3308 administrari.
985 3243 1033 3306 M.
1054 3243 1134 3324 Non
1158 3257 1191 3306 te
1213 3244 1314 3319 latet,
1343 3257 1381 3306 ut

269 3323 432 3402 arbitror,
455 3324 611 3390 omnium
632 3323 911 3412 philosophorum
926 3327 968 3388 de
981 3327 1111 3390 mundo
1124 3324 1378 3412 disputantium,

271 3410 315 3474 de
340 3411 406 3474 hae
434 3423 530 3494 parte
557 3423 698 3474 naturae
724 3406 922 3474 unanimem
941 3408 1003 3472 else
1024 3408 1236 3488 sententiam.
1278 3409 1380 3476 Aiunt

269 3489 364 3556 enim
393 3489 509 3556 omnia
538 3511 678 3579 corpora
686 3535 700 3566 ‚,
736 3514 821 3580 quae
840 3489 930 3556 intra
950 3494 1043 3556 huno
1064 3493 1232 3558 mundum
1253 3491 1380 3558 senfibi·

267 3573 337 3638 lem
358 3571 598 3652 eontinentur,
620 3573 718 3642 vitali
737 3591 835 3640 motu
856 3573 1042 3648 contineri,
1065 3575 1134 3640 slve
1154 3574 1191 3638 in
1211 3576 1297 3641 statu
1309 3579 1378 3654 sant,

247 3657 338 3739 live
357 3655 397 3723 in
415 3673 524 3724 motu.
565 3661 609 3723 D.
632 3658 801 3726 Omnibus
824 3657 1140 3744 philosophantibus
1164 3675 1223 3722 aut
1263 3661 1380 3726 hilesc-

267 3741 356 3828 phos
381 3739 575 3829 legentibus
602 3737 689 3808 illud
717 3739 924 3810 notissimum
954 3743 1007 3808 est.
1051 3743 1137 3806 Nam
1170 3756 1205 3806 et
1260 3747 1328 3810 lato
1348 3747 1379 3809 in

197 3855 202 3866 ¹
273 3827 404 3890 thraso
415 3870 426 3900 ,
449 3838 484 3890 et
501 3822 635 3890 Plinius
656 3829 822 3891 fecundus
844 3829 878 3892 iu
897 3827 1059 3890 Naturali
1077 3825 1253 3914 Hssoria,
1276 3827 1379 3892 mani·

267 3899 433 3973 lettiffine
463 3909 505 3974 de
536 3906 590 3974 his
618 3931 682 3976 nos
718 3912 872 3976 edocent.
913 3911 963 3974 Μ.
986 3909 1022 3974 Si
1046 3909 1161 3996 itaque
1182 3910 1377 3985 Sanctorum

266 3989 406 4056 Petrum
435 3990 624 4058 testimonia
655 3991 808 4092 quacrls5
842 3991 922 4058 audi
954 3991 1195 4064 nobiliffimum
1214 3993 1376 4069 Badlium.

268 4073 709 4162 Caesareae‘cappadocrae
731 4076 934 4154 antrllitem,
955 4075 1002 4142 -in
1024 4075 1057 4142 se
1082 4077 1164 4144 tima
1184 4077 1326 4144 homilia
1344 4075 1376 4142 in

267 4156 432 4228 Genesin:
465 4163 639 4238 „educant
660 4181 784 4248 aquae.
805 4159 938 4250 inquit,
968 4181 1028 4250 rep
1048 4159 1081 4178 '¹
1127 4159 1316 4231 animatum
1334 4159 1377 4229 tl·
