2884 4820
312 185 402 319 '⁸698
657 243 711 311 lle
731 243 912 320 iliatam
931 243 1101 316 Natio-ae.

323 425 502 492 donabitur,
520 427 559 478 ita
577 431 608 480 st
625 427 654 480 in
673 428 750 480 nullo
768 437 912 499 appareat,
930 431 983 496 nisi
1001 430 1073 484 solus
1090 427 1177 497 Dens,
1202 430 1398 502 quemadmodan

324 497 352 546 in
369 501 431 548 aere
472 496 612 560 unissime,
628 495 669 550 nil
685 496 760 554 uliud
778 497 830 549 nisi
847 501 905 552 sola
922 499 977 552 lua.

378 565 424 622 10.
449 513 522 616 flacc
546 572 587 616 est
604 566 641 618 ita
664 583 696 618 ue
714 565 793 632 bajus
812 568 918 636 operis,
943 565 1018 636 quod
1034 565 1154 637 quinque
1173 565 1251 619 libris
1266 565 1398 634 includitur,

322 633 477 686 aniversalis
493 634 611 685 materia.
673 650 687 685 e
705 651 759 704 qua
775 635 858 706 siquis
875 653 924 689 nos
941 635 1087 690 invenerit·
1097 637 1264 703 incognitum
1280 645 1352 707 atque
1365 655 1398 690 sa·

321 699 452 772 perlinam
477 700 581 772 aliquid
606 703 757 771 scripsisse,
783 711 890 757 nostrae
908 703 1131 774 intemperantiae
1149 705 1315 775 incuriaeque
1330 707 1398 775 inpa-

221 763 224 784 '
322 778 383 832 tet,
409 773 511 841 pioque
529 769 609 822 corde
627 769 757 824 humanae
774 771 971 841 indigentiae„
986 773 1071 825 carnis
1088 771 1177 824 adbuc
1193 772 1341 829 habitaculo

320 847 417 904 ratae,
434 838 544 907 humilis
562 841 760 909 contemplator
777 839 923 911 indulgeat.
957 839 1004 894 Nil
1022 841 1094 894 enim
1112 841 1258 909 perlectum
1275 851 1313 894 cst
1328 791 1398 894 labd-

319 909 405 962 mauis
431 907 530 960 studiis
554 907 659 971 adhoc,
683 917 714 962 ut
738 909 853 988 opinor,
877 911 906 964 in
930 907 981 961 bac
1000 909 1142 980 caliginosa
1162 911 1236 972 rita,
1259 908 1327 980 quod
1343 911 1397 962 onai

320 979 409 1032 errore
434 985 537 1044 careatq
564 975 673 1048 quando
699 985 727 1030 et
751 978 817 1044 rusti
842 995 898 1032 aon
922 977 986 1031 ideo
1003 978 1068 1044 justi
1087 977 1216 1030 dicuntur
1232 977 1282 1044 jara
1296 979 1323 1030 in
1339 995 1397 1030 esrae

319 1047 457 1110 virenter,
484 1043 558 1116 quod
581 1045 647 1111 justi
665 1045 735 1109 rint,
760 1045 808 1098 sed
825 1046 900 1117 quod
916 1062 943 1098 se
960 1046 1045 1112 justos
1065 1063 1121 1100 esse
1138 1047 1244 1110 velint,
1266 1047 1396 1118 perlectam·

340 1131 373 1171 tte
403 1113 536 1181 justitiam
563 1115 678 1178 futuram
701 1122 877 1184 appetentes,
916 1115 975 1168 solo
1001 1115 1101 1168 meritis
1126 1118 1223 1167 auecta
1249 1114 1395 1167 denominati

319 1133 382 1237 bon
407 1184 481 1236 enim
505 1181 664 1236 crediderim
692 1185 776 1236 ullum
793 1183 954 1236 mortalibus
974 1183 1100 1236 membris
1119 1183 1318 1254 carnalibusque
1334 1183 1394 1236 eari-

319 1249 369 1306 bua
387 1259 539 1320 gravatum,
558 1268 622 1304 exce
643 1259 672 1304 to
691 1251 799 1306 Cbristo
816 1252 850 1306 ad
866 1253 1016 1336 perlectum
1036 1253 1143 1304 virtutis
1163 1251 1283 1304 habitum
1294 1268 1395 1320 veraeque

320 1321 558 1390 contemplationis
576 1270 748 1374 altibudinem
768 1338 939 1390 pervertere,
966 1320 1091 1374 Johanue
1108 1321 1276 1390 Evangelista
1291 1328 1395 1373 attestan-

320 1383 369 1452 te,
392 1389 423 1440 Sr'
446 1387 616 1454 dt'arert'mur,
643 1389 750 1472 inquit,
777 1389 854 1460 quod
867 1401 1010 1462 precntum
1029 1407 1087 1440 nora
1106 1387 1255 1450 babemus,
1283 1391 1394 1455 nosipsos

319 1455 492 1519 amicimus,
511 1469 538 1508 et
555 1459 661 1515 veritas
678 1475 708 1510 ara
726 1457 805 1510 notis
823 1477 881 1510 nan
899 1469 946 1510 est.
983 1457 1036 1523 ,sin
1053 1466 1143 1510 autem
1164 1459 1193 1510 iu
1210 1475 1243 1510 eo
1260 1459 1323 1509 utile
1338 1465 1360 1506 et
1372 1453 1394 1504 ad

237 1579 243 1584 ,
319 1526 534 1580 aedificationem
554 1527 703 1578 catholicae
721 1526 785 1579 fidei
801 1530 940 1596 pertinens
957 1527 1092 1589 arriserit,
1119 1526 1175 1578 soli
1192 1526 1269 1588 Deo,
1306 1525 1395 1576 uisolas

318 1595 478 1650 abscondita
496 1595 665 1648 tenebrarum
684 1604 798 1660 reserat,
816 1605 846 1648 et
862 1604 1021 1668 quaerentes
1039 1593 1073 1648 ael
1090 1611 1118 1648 rc
1137 1596 1227 1665 ipsum
1243 1543 1315 1651 nudo
1331 1607 1395 1644 enare

319 1663 466 1734 deceptos,
483 1662 531 1716 red
548 1663 581 1716 ab
601 1663 736 1716 erroribus
754 1663 910 1720 emendatos
928 1663 1096 1726 introducit,
1122 1661 1253 1733 deputet;
1278 1661 1393 1714 unanimis·

318 1749 372 1816 que
398 1734 427 1784 in
454 1731 583 1782 charitate
607 1733 717 1800 spiritus
743 1734 840 1800 gratias
865 1732 1009 1786 universali
1036 1731 1158 1786 emnium
1176 1731 1303 1784 bonoram
1321 1743 1395 1786 ausu,

318 1817 377 1856 stae
395 1817 447 1870 qua
464 1798 534 1852 nibil
553 1816 690 1868 possumus
708 1799 811 1861 iacere,
830 1799 969 1854 nobiseum
988 1801 1102 1862 reserat,
1119 1801 1198 1852 nulla
1215 1795 1394 1870 reprehensioni

317 1867 435 1922 libidine
452 1875 597 1928 attractus,
616 1868 698 1920 nullis
715 1865 957 1930 facibuainridiae
975 1885 1115 1933 accensus,
1140 1885 1213 1939 quae
1229 1869 1284 1920 sola
1299 1883 1351 1938 prae
1364 1879 1393 1913 cc

317 1938 382 1992 teris
400 1937 473 1988 ritiis
491 1935 630 1989 eharitatis
648 1944 677 1987 et
694 1937 877 2006 fraternitatis¹
890 1937 1027 1990 vinculum
1045 1953 1171 2006 rumpere
1182 1936 1297 2002 laborat3
1313 1937 1391 2002 lapsa

317 2015 407 2060 autem
426 2005 562 2066 omniurn,
589 2020 658 2074 quae
677 2005 748 2056 inter
766 2021 815 2056 aros
836 2003 957 2056 coniecta
974 2013 1053 2066 sunt,
1076 2005 1214 2058 benevole
1231 2005 1391 2073 recipientium

286 2119 288 2126 .
317 2090 437 2146 puraque
456 2073 553 2126 mentis
572 2071 630 2124 acie
650 2073 831 2138 intuentium,
848 2089 896 2124 reu
914 2071 1046 2126 malevole
1065 2074 1268 2142 respuentium,
1291 2081 1316 2122 et
1331 2071 1390 2139 prius-

240 2149 243 2154 ¹
317 2161 398 2262 ³⁰⁸?
418 2139 712 2262 ⁰⁰⁸ltt⁰³²¹¹²t⁰llt²
730 2141 892 2259 ‘³⁰22¹}·50’¹0¹¹2²
920 2139 1390 2260 litlittlffl’lttttttlt

318 2227 763 2400 giddgsspuisat'egqraperieilqrre
773 2276 850 2360 vobis
860 2296 869 2326 .·
879 2275 1012 2397 Csubinde
1030 2229 1293 2400 diirpptirqii‘bosstibi,
1315 2274 1391 2390 Fraqrir

316 2356 482 2478 ibrieeurdibu),
492 2347 578 2466 ’edin
595 2362 692 2464 duddi
708 2361 858 2482 ssssbbiidb
876 2363 1062 2482 coaddebbctbbi’,
1083 2362 1392 2478 'gineaeamib'dbedffadt-

317 2503 348 2540 ro
366 2493 395 2536 et
412 2479 597 2550 corrigendum
615 2483 764 2534 committo.
801 2481 869 2534 Nam
886 2490 915 2533 et
933 2484 986 2534 tuis
1004 2481 1243 2536 exhortationibus
1262 2477 1391 2536 estintbaa·

214 2553 217 2560 ’
316 2562 393 2614 tum,
418 2559 463 2604 tua
483 2567 518 2602 ue
542 2551 669 2610 solertia,
695 2567 804 2620 quoquo
823 2549 905 2601 modo
923 2551 977 2614 sit,
1002 2551 1036 2602 ad
1054 2551 1135 2604 linem
1156 2569 1239 2624 usque
1256 2549 1392 2621 perductam

317 2622 347 2676 si
364 2627 453 2674 autem
466 2567 506 2670 de
524 2615 581 2680 bis,
599 2619 714 2700 quaein
733 2625 861 2668 contextu
880 2617 975 2684 bajus,
993 2621 1122 2688 gravitate
1140 2623 1267 2672 materiae
1283 2627 1392 2682 rerunqat

316 2687 535 2762 exponendarum
554 2701 631 2770 eopia
651 2687 755 2747 coacti,
773 2687 1015 2768 praetermisimus,
1036 2686 1125 2769 deque
1145 2691 1185 2740 eis
1222 2687 1392 2770 uantularncua·

316 2755 769 2896 ttarltlitttttttltttt:
783 2753 1343 2893 ltllltftptt’ttt‘?tllttttl'·
1363 2763 1393 2878 1ss

316 2897 399 2950 nibur
423 2894 555 2962 repertis,
582 2892 664 2972 inque
693 2908 774 2942 unum
793 2891 914 2944 collectis
933 2891 1029 2943 cursim
1049 2893 1271 2964 capitulatimque
1288 2885 1394 2961 proriri-

207 2943 212 3026 ζ
316 2965 368 3018 bus
393 2963 492 3015 nostris
517 2960 696 3012 tractabimus.
733 2959 844 3012 interim
871 2958 905 3009 rie
922 2957 981 3022 bis,
1007 2959 1146 3030 quaejam
1166 2961 1394 3016 discusseruntros

315 3039 461 3087 contentos
479 3047 534 3082 erse
553 3027 662 3096 flagito:
683 3045 739 3078 non
758 3027 811 3078 mei
831 3027 933 3095 ingenii
950 3029 1096 3092 virtutem,
1114 3047 1185 3100 quae
1204 3031 1247 3082 rix
1264 3043 1348 3098 parra,
1361 3029 1395 3072 aut

317 3101 392 3156 nulla
421 3108 479 3162 est,
505 3095 551 3148 aed
570 3104 672 3150 vestrae
690 3094 872 3147 solicitudinis
891 3112 1017 3166 meaeque
1036 3097 1163 3162 infimae,
1193 3097 1302 3150 devotae
1318 3103 1395 3148 tamea

314 3171 387 3225 circa
404 3185 491 3221 rerum
509 3165 728 3234 investigationes
748 3163 900 3216 facultatem
921 3165 1137 3230 considerantem
1167 3183 1245 3237 quarn
1262 3182 1313 3217 non
1328 3163 1396 3236 minut

316 3239 419 3294 viribus
444 3234 611 3286 acutissimae
629 3240 731 3284 restrae
749 3231 968 3302 intelligentiae,
995 3250 1074 3304 quarn
1091 3251 1168 3286 meae
1187 3231 1396 3302 contemplation·

314 3307 431 3362 obtusae
448 3300 680 3356 lucubrationibus
698 3317 754 3352 non
772 3299 859 3352 dicam
878 3316 936 3352 eum
954 3302 1081 3363 aemulis,
1098 3303 1196 3354 saltem
1214 3319 1271 3354 cum
1288 3299 1397 3353 amiciret

315 3375 440 3430 veritatis
458 3369 664 3442 inquisitoribus
681 3367 825 3420 defendere
844 3367 966 3436 debetis,
985 3387 1035 3422 nec
1052 3371 1168 3422 multum
1188 3372 1215 3422 in
1234 3369 1301 3432 boc,
1317 3363 1397 3430 utopi·

316 3461 384 3508 nor,
409 3438 577 3496 laborabitis.
611 3437 678 3490 lllox
702 3437 774 3488 enim
793 3443 824 3488 ut
841 3437 905 3488 talia
923 3438 952 3488 in
970 3455 1062 3490 manus
1079 3447 1152 3491 reete
1172 3433 1397 3508 philosophantium

337 3511 508 3574 revenerint,
532 3505 660 3578 queniam
678 3505 786 3558 illorum
805 3503 1036 3574 disputationibus
1054 3508 1239 3574 conveniunt5
1263 3523 1314 3558 non
1331 3501 1398 3554 solun

314 3529 418 3636 nitenti
442 3577 532 3634 aniano
558 3575 707 3658 recipient,
732 3573 922 3632 verumetiam
941 3581 971 3628 ut
989 3592 1035 3626 sua
1054 3575 1254 3627 osculabuntur.
1288 3571 1333 3623 Sin
1348 3583 1397 3618 rara

316 3649 349 3702 in
364 3664 427 3712 ees,
445 3647 493 3720 qui
509 3651 687 3717 promptiores
704 3640 817 3695 suntad
836 3641 1104 3712 reprehendendum,
1159 3660 1202 3695 am
1214 3637 1398 3709 adeompatiea·

316 3715 382 3770 dum
403 3717 561 3776 lncument,
585 3729 641 3766 non
666 3726 828 3782 magnopere
857 3727 915 3762 cum
934 3713 972 3765 eis
990 3711 1125 3765 collectan
1146 3729 1199 3764 um.
1235 3707 1356 3778 Unasquir
1372 3715 1398 3782 ue

315 3775 348 3840 ia
364 3801 412 3836 suo
430 3800 507 3837 sensu
524 3781 660 3849 abundet,
684 3779 772 3832 donec
788 3779 881 3836 veniat
897 3779 945 3832 illa
962 3781 1024 3844 lux,
1049 3798 1118 3854 quoe
1136 3779 1169 3834 de
1187 3781 1249 3832 ιω
1265 3777 1327 3832 [ὼο
1350 3721 1397 3850 pb..

317 3851 520 3925 losopbsntirue
543 3851 610 3906 lacit
634 3847 776 3913 tenebras,
811 3855 840 3901 ct
864 3849 988 3904 tenebras
1012 3849 1264 3922 recognoscentium
1286 3841 1398 3900 mauriti

315 3923 460 3980 talarem
566 3985 569 3994 ‚

688 4105 692 4114 ,
724 4067 1004 4102 m
