2952 4824
234 275 338 369 ,as
472 325 475 334 .
620 229 1141 358 cabannensem„

271 461 383 528 tium.
426 459 494 528 sea
517 459 645 527 virtute
672 460 836 528 bonitatis
858 457 968 528 omnis
993 473 1112 528 natura
1133 455 1333 526 continetur
1352 475 1402 521 ne

285 559 411 636 pereat.
452 545 573 611 Adhuc
594 560 707 610 tamen
728 544 857 610 malitia
877 543 1102 632 permittitur,
1125 541 1163 606 in
1181 563 1219 606 ea
1235 539 1402 606 videlicet
1467 581 1468 592 κ

286 645 407 696 natura
433 631 476 693 ad
503 629 638 694 laudem
669 628 851 704 bonitatis,
884 649 924 691 ex
944 625 1112 692 contraria
1133 623 1401 713 comparatione,

287 728 322 778 et
349 711 784 778 exercitationevirtutum
803 709 996 776 rationabili
1019 731 1039 774 o
1066 708 1232 786 eratione,
1265 723 1300 771 et
1319 729 1403 794 pur·

235 863 236 866 ,
285 795 459 884 gationem
487 793 588 884 ipfius
615 811 774 860 naturae:
811 797 946 882 quando
986 796 1025 858 ab
1043 792 1216 858 orbebitnr
1242 809 1333 856 mors
1362 790 1403 854 in

284 877 451 955 victoria,
475 895 509 942 et
529 879 597 943 sola
615 879 750 943 bonitas
771 877 808 942 in
831 877 989 942 omnibus
1010 875 1204 974 apparebit,
1227 889 1263 939 et
1281 893 1403 960 regna·

284 961 354 1037 bit,
387 975 421 1025 et
450 960 684 1028 universaliter
715 962 759 1028 est
779 960 929 1048 peritura
949 959 1087 1026 malitia.
1132 961 1199 1022 Sed
1222 961 1264 1022 de
1285 957 1339 1020 his
1361 957 1401 1020 in

285 1044 408 1134 quinto
433 1043 535 1108 latius
567 1044 794 1142 disputabitur
820 1045 917 1109 libro.
959 1040 1061 1109 Nulla
1081 1041 1196 1129 itaque
1217 1039 1402 1104 auctoritas

285 1143 321 1192 te
349 1141 489 1202 terreat,
524 1127 564 1192 ab
585 1128 639 1193 lits
662 1151 746 1214 quae
766 1143 878 1192 rectae
900 1125 1196 1212 contemplationis
1217 1122 1402 1188 rationabi-

284 1209 327 1276 lis
349 1211 452 1276 [uafio
475 1212 604 1280 edocet.
645 1214 729 1276 Vera
750 1211 841 1276 enim
864 1209 1045 1275 auctoritas
1060 1225 1172 1274 rectae
1186 1206 1311 1271 rationi
1328 1227 1402 1270 non

285 1293 417 1368 obfistit,
434 1315 546 1380 neque
560 1309 652 1358 recta
668 1293 755 1360 ratio
775 1315 874 1359 verae
885 1291 1087 1358 auctoritati.
1117 1293 1225 1356 Ambo
1237 1289 1404 1376 Equidem

285 1399 327 1443 ex
338 1397 409 1442 uno
422 1377 528 1453 Fonte,
544 1375 662 1442 divina
676 1377 743 1442 viz.
757 1377 931 1464 sapientia,
948 1397 1083 1441 manare
1099 1375 1239 1440 dubium
1255 1395 1326 1437 non
1344 1373 1402 1440 est.

347 1460 400 1544 69.
423 1463 497 1524 Una
521 1459 658 1547 quidem
680 1465 722 1527 de
744 1477 864 1525 natura
885 1461 999 1538 incom
1025 1457 1215 1523 rehenfibili
1245 1455 1403 1520 ineffabi-

283 1537 378 1630 lique
401 1542 458 1630 pie
481 1545 720 1642 quaerentibus
740 1545 847 1608 multa
871 1564 976 1608 conce
1017 1559 1046 1618 t,
1069 1565 1108 1606 ac
1130 1539 1269 1605 tradidit
1290 1555 1325 1603 et
1346 1559 1403 1603 co·

284 1625 392 1772 pitare
413 1641 449 1690 et
470 1629 599 1702 drcere3
633 1649 678 1693 ne
699 1649 799 1691 verae
818 1625 993 1714 religionis
1014 1625 1159 1690 studium
1181 1624 1218 1688 in
1241 1621 1403 1687 olunibus

296 1711 394 1785 tleat,
426 1725 466 1773 ut
495 1725 529 1774 et
557 1712 658 1774 rudes
690 1713 801 1774 adhuc
828 1709 864 1773 in
889 1709 971 1774 fidei
992 1707 1203 1794 [implicitate
1226 1704 1404 1771 doctrinae

284 1791 433 1868 nutriat,
466 1807 501 1856 et
521 1792 706 1858 catholicae
728 1791 809 1857 fidei
834 1791 995 1867 aemulis,
1029 1791 1187 1855 instructa
1209 1804 1404 1874 armataque

286 1873 413 1938 divinis
441 1896 551 1974 propu
602 1875 706 1940 aculis
739 1875 873 1940 mnnita
902 1876 1113 1960 respondeat.
1164 1873 1275 1936 Altera
1304 1893 1402 1948 vero,

283 1971 326 2020 ut
344 1957 508 2043 limphces
528 1979 546 2022 a
572 1961 639 2023 huc
659 1957 695 2022 in
719 1956 896 2022 cunabulis
920 1957 1075 2020 ecclesiae
1094 1955 1215 2018 nutriti
1254 1953 1288 2016 ie
1305 1955 1404 2018 calle·

257 2035 261 2046 ’
285 2062 352 2126 que
374 2039 537 2127 corrigat,
560 2063 605 2106 ne
626 2041 709 2128 quid
730 2038 911 2126 indignum
934 2041 976 2102 de
996 2043 1071 2103 Deo
1092 2041 1146 2102 vel
1168 1977 1323 2113 credant,
1345 2039 1403 2101 vel
1467 2069 1468 2074 ¹

285 2123 478 2207 aestiment3
514 2145 559 2187 ne
585 2124 701 2188 omnia
736 2143 822 2209 quae
852 2123 885 2186 S.
920 2119 1112 2208 Scripturas
1142 2120 1324 2184 auctoritas
1360 2124 1404 2186 de

211 2229 213 2234 ’
285 2207 382 2272 causa
418 2205 574 2271 omnium
602 2206 792 2293 praedicat,
831 2203 967 2291 proprie
992 2203 1178 2291 praedicari
1208 2203 1401 2279 aeffiment;

285 2289 351 2352 five
372 2287 597 2374 gloriofissima
619 2304 653 2352 et
674 2290 803 2352 summa
824 2289 978 2352 omniurn
999 2288 1084 2361 lint,
1107 2303 1147 2350 ut
1166 2285 1256 2362 vita,
1278 2286 1400 2362 virtus,

284 2386 559 2456 caeterarumque
579 2369 746 2435 virtutum
766 2369 925 2452 nomina3
947 2369 1014 2434 five
1037 2369 1166 2444 media,
1188 2386 1228 2434 ut
1242 2371 1307 2444 sol,
1330 2372 1401 2447 lux,

283 2453 391 2527 stella,
416 2467 451 2515 et
471 2467 595 2517 cuncta
616 2473 702 2538 quae
724 2473 764 2516 ex
806 2452 931 2516 artibus
947 2451 1174 2538 superioribus
1188 2457 1288 2532 hujus
1302 2475 1403 2518 mun·

285 2534 321 2600 di
343 2537 386 2598 de
407 2537 483 2598 Deo
503 2533 758 2620 praedicantur,
780 2475 842 2598 iau·
861 2555 901 2600 ex
922 2533 1141 2601 inferioribus
1159 2535 1298 2600 vifibilia
1312 2557 1403 2600 crea·

281 2634 380 2696 turae
402 2616 571 2693 motibus;
603 2632 643 2680 ut
664 2617 809 2703 species,
842 2618 943 2682 nubis
965 2619 1139 2704 splendor,
1177 2635 1287 2694 ortus,
1310 2619 1401 2684 toni·

284 2716 375 2778 trus,
397 2721 471 2775 ros,
493 2697 620 2775 imber,
642 2700 779 2786 pluvia:
804 2703 906 2776 Item,
930 2723 1032 2788 aqua,
1055 2704 1201 2776 flumen,
1224 2718 1321 2778 terra,
1342 2725 1404 2788 pe·

284 2799 353 2860 tra,
385 2782 536 2869 lignum,
558 2781 677 2858 vinea,
701 2783 809 2860 oliva,
832 2787 967 2859 cedrus,
991 2787 1165 2871 hyffopus,
1187 2785 1317 2860 lilium,
1340 2789 1401 2850 ho·

283 2887 362 2944 mo,
385 2867 459 2941 leo,
482 2867 563 2940 bos,
587 2887 713 2964 equus,
736 2868 850 2941 ursus,
873 2869 1007 2953 pardus,
1032 2867 1166 2933 vermis.
1198 2873 1294 2944 Item,
1308 2868 1403 2955 aqui·

282 2949 326 3024 la,
351 2945 653 3034 columbafpiscrs,
676 2964 760 3024 cete,
784 2965 980 3036 caeteraque
1011 2950 1288 3026 innumerabilia;
1314 2973 1402 3038 quae
1449 3016 1454 3027 ,

284 3053 325 3095 ex
345 3045 465 3096 natura
487 3031 625 3096 condita
646 3034 689 3096 ad
709 3049 862 3096 naturam
885 3033 1108 3100 conditricem
1134 3033 1401 3100 transformatio·

282 3136 329 3180 ne
359 3118 501 3204 quadam
531 3115 741 3202 figurataque
767 3116 1012 3202 fignificatione
1035 3117 1292 3182 transferuntur.
1314 3115 1402 3182 'Eo-

283 3219 350 3344 que
370 3197 579 3273 mirabilius,
600 3219 672 3262 non
692 3197 801 3262 solum
824 3221 864 3263 ex
887 3215 1037 3264 creatura
1059 3203 1102 3264 ad
1118 3215 1301 3266 creatorem
1321 3201 1403 3264 arti·

310 3279 397 3344 ciola
429 3279 602 3365 Scriptura
624 3281 859 3346 translationes
882 3282 981 3364 fecit3
1014 3305 1132 3348 verum
1156 3284 1256 3348 etiam
1279 3305 1319 3347 ex
1340 3307 1400 3348 na·

231 3433 237 3441 ,
283 3378 380 3426 turae
401 3361 596 3438 contrariis5
628 3384 670 3426 ex
689 3363 818 3428 insania
840 3363 906 3428 raiz.
933 3363 1112 3444 ebrietate,
1135 3369 1290 3453 crapula,
1315 3367 1401 3431 obli·

251 3439 254 3455 '
281 3444 403 3521 vione,
425 3444 496 3518 ira,
518 3445 643 3519 furore,
667 3446 758 3520 odio,
782 3447 1074 3535 concupiscentia,
1093 3453 1299 3536 caeterisque
1314 3449 1402 3514 fimi·

281 3527 391 3604 libus;
423 3527 545 3625 quibus
573 3526 687 3592 minus
715 3530 916 3616 fimplicium
945 3530 1050 3596 animi
1083 3533 1266 3606 falluntur,
1297 3555 1402 3620 quam

282 3610 510 3696 superioribus
533 3611 885 3698 transfigurationibus
908 3636 993 3701 quae
1015 3637 1055 3679 ex
1071 3632 1192 3680 natura
1203 3615 1304 3680 fiunt.
1335 3619 1401 3680 Ra·

282 3693 456 3759 tionabilis
489 3691 652 3780 liquidem
685 3695 812 3772 anima,
850 3697 1002 3785 quamvis
1032 3701 1216 3764 admodum
1247 3701 1400 3786 fimplex,

281 3773 488 3840 naturalium
509 3799 621 3842 rerum
642 3779 782 3843 nomina
804 3783 846 3844 de
868 3785 941 3845 Deo
984 3781 1146 3848 raedicari
1163 3781 1303 3847 audiens
1321 3804 1401 3870 pro·
1467 3833 1468 3838 η

280 3859 423 3948 prieque
454 3863 496 3925 de
524 3859 597 3946 ipso
630 3859 697 3926 dici
719 3861 891 3929 aestimans
913 3805 1065 3942 faliittur,
1097 3881 1305 3931 nontamen
1329 3888 1401 3932 om·

281 3941 369 4008 nino
392 3942 578 4031 decipitur;
615 3959 656 4007 ut
678 3965 794 4012 eorum
816 3969 901 4033 quae
923 3964 1040 4012 contra
1060 3964 1216 4014 naturam
1238 3951 1319 4016 sunt
1340 3971 1399 4015 no·

282 4025 377 4091 mina
398 4029 443 4091 ‘de
464 4027 643 4094 conditore
662 4051 775 4096 rerum
796 4030 982 4118 praedicari
1003 4035 1215 4108 auscultans,
1245 4047 1305 4096 aut
1329 4053 1399 4098 oru-

282 4108 368 4176 nino
397 4109 478 4177 falsa
505 4111 568 4176 elle
588 4109 731 4190 judicet,
767 4129 802 4178 st
821 4116 977 4203 respuat,
1010 4132 1069 4181 aut
1087 4115 1229 4204 figurate
1251 4116 1342 4181 dieta
1364 4131 1401 4180 et

283 4195 466 4274 concedat,
502 4209 536 4262 et
564 4198 686 4268 credat.
730 4200 773 4264 Ι).
796 4199 874 4266 Non
896 4197 945 4266 ita
968 4199 1039 4268 sum
1061 4200 1198 4268 territus
1219 4197 1399 4266 auctorita·
1424 4253 1429 4258 .
