3038 4828
288 226 370 300 suo
628 177 1077 316 utrumnum.

290 413 328 478 iu
349 407 465 488 omnin
486 409 660 498 pervenit.
690 412 775 480 ficut
794 409 914 500 solares
934 408 1039 478 rediit
1072 407 1123 479 illi
1143 407 1306 496 siquidem
1325 427 1401 476 non

215 573 219 582 ,
290 493 406 562 omnia
432 509 630 582 penetrsut3
660 493 822 560 interiora
851 493 978 560 etenim
1005 495 1191 558 multorum
1219 513 1402 579 corporum

228 641 235 655 ,
289 601 361 645 non
389 593 582 652 transeunt:
618 577 709 646 vitae
729 601 812 644 vero
834 581 928 644 nullu
950 593 1118 652 creatura,
1147 577 1205 640 seu
1225 575 1402 654 sensibilis,

288 663 348 728 seu
374 659 617 761 intelligibilis,
651 684 767 750 expers
801 663 863 728 else
892 661 1009 750 potest.
1059 662 1148 726 Num
1182 674 1217 724 et
1245 681 1402 747 corpora.

289 768 375 836 quse
396 745 514 811 nostru
534 745 681 812 seufibus
699 746 861 812 videntur
877 744 985 812 veluti
999 759 1148 820 mortus,
1169 764 1242 828 non
1256 743 1402 810 omnino

247 896 250 915 ,
287 829 359 897 vita
378 822 629 916 relinquuntur.
671 833 717 894 Ut
737 829 829 896 enim
850 829 987 896 illorum
1003 826 1200 914 compositio
1216 841 1250 891 st
1273 850 1316 892 ue
1332 827 1406 893 for-

288 913 393 980 matio
422 912 709 980 administratione
736 907 893 1012 propriae
919 912 1027 1002 vitre,
1063 911 1111 976 itu
1140 851 1402 988 etiamlolutio,

288 1013 323 1063 et
349 995 545 1070 infirmitas,
579 1012 614 1060 et
631 997 768 1062 reditus
796 1020 834 1061 rn
864 1019 903 1062 ea
934 993 1118 1082 exquibus
1140 995 1284 1059 deductu
1308 993 1400 1070 sunt,

288 1083 440 1162 ejusdem
461 1080 538 1144 obse
562 1079 621 1144 uio
642 1079 825 1168 peragitur.
859 1079 995 1146 Semina
1010 1078 1171 1164 siquidem
1187 1092 1294 1142 terroe
1309 1101 1403 1144 com·

286 1166 462 1240 mendsta,
496 1167 560 1227 m'r
580 1168 674 1246 prius
695 1169 890 1238 moriantur,
923 1187 987 1228 non
1007 1165 1225 1228 reviviscunt.-
1255 1174 1402 1231 et'ruors

230 1247 233 1256 ’
286 1247 423 1312 illorum
461 1245 584 1312 solutio
612 1247 772 1312 materiae
801 1263 835 1313 et
863 1245 987 1336 speciei
1014 1246 1076 1320 estt
1116 1247 1300 1332 eademque
1327 1245 1402 1310 vite

286 1329 554 1417 quae·vivificat
582 1329 654 1396 vim
683 1331 867 1408 seminum,
898 1348 932 1396 et
957 1327 1117 1416 pervim
1144 1327 1270 1393 semina
1291 1328 1401 1414 prius-

286 1436 386 1500 quam
407 1413 601 1490 solvantur,-
621 1415 658 1479 in
680 1414 849 1482 solutione
871 1435 942 1480 non
965 1409 1104 1489 deserit;
1126 1413 1184 1476 sed
1204 1410 1246 1478 iis
1267 1412 1401 1511 semper
1456 1493 1461 1502 ι

286 1499 461 1574 adhaeret,
494 1497 565 1562 imo
589 1497 690 1562 etism
713 1520 752 1562 es
772 1497 891 1562 solvite
922 1517 1000 1562 mox
1025 1517 1085 1570 ue,
1117 1495 1212 1560 nulls
1231 1512 1325 1562 mora
1346 1518 1401 1562 rn-

261 1581 456 1664 vtersisnte,
484 1579 677 1657 vivificare,
705 1585 772 1646 hoc
795 1581 853 1657 eil,
876 1580 914 1644 in
936 1519 1077 1646 oensem
1098 1577 1244 1666 speeiem
1264 1589 1402 1644 revoce-

231 1714 233 1720 .
283 1685 339 1738 re,
361 1651 497 1749 incipit.
540 1663 606 1729 Ubi
629 1663 721 1728 enim
743 1665 821 1728 effet
843 1663 903 1728 illa
920 1662 1011 1739 vita,
1046 1659 1225 1728 solutionis
1248 1661 1400 1750 eorporis

283 1761 453 1832 tempore.
476 1745 538 1810 nifi
559 1747 596 1811 in
617 1746 690 1834 ipso
712 1747 848 1812 soluto?
871 1763 911 1810 ut
933 1746 1025 1812 enim
1046 1744 1104 1810 illa
1125 1766 1204 1810 cum
1218 1761 1399 1831 compacto

282 1850 355 1894 non
384 1828 634 1915 compingitur,
664 1830 713 1894 ita
746 1851 823 1894 oum
853 1829 963 1894 soluto
991 1851 1064 1892 non
1094 1827 1254 1904 solvitur,
1285 1851 1400 1916 neque

284 1931 363 1978 oum
382 1927 582 1978 renascente
600 1909 808 1996 reuaspitun
830 1934 896 1977 nec
914 1914 993 2007 plus
1014 1925 1151 1996 vegetat
1171 1927 1282 1976 totum
1300 1913 1397 1977 simul

282 1999 522 2075 conjunctum.
553 2017 654 2082 quem
684 1993 722 2058 in
749 2009 861 2082 partes
889 1997 1116 2078 disjunctum
1147 1999 1398 2080 nequemaior,

182 2151 187 2162 ¹
233 2094 237 2108 '
282 2078 319 2144 id
342 2077 386 2142 est
406 2073 597 2164 potentior,
619 2076 656 2142 in
678 2092 752 2144 toto
775 2101 875 2166 quem
896 2076 933 2141 in
946 2093 1059 2164 perte:
1083 2079 1233 2157 ejusdem
1249 2099 1398 2166 nemque
1475 2131 1480 2142 .

181 2211 183 2216 -
281 2160 457 2248 regiminis
489 2159 532 2224 est
554 2159 591 2226 in
615 2160 759 2226 cunctis.
805 2163 876 2248 lpse
898 2159 999 2226 etiem
1022 2161 1162 2236 solutio,
1194 2182 1282 2306 pure
1304 2183 1396 2226 mors

283 2243 434 2332 corporis
461 2242 605 2319 dicitur,
638 2243 757 2308 nostris
787 2245 931 2310 sensibus
960 2261 993 2308 et
1014 2241 1174 2308 insterise
1209 2242 1317 2309 olutio
1340 2245 1396 2320 ett,

280 2349 353 2394 nou
374 2327 436 2412 ipsi
458 2341 617 2402 naturae,
639 2349 725 2412 quae
745 2325 975 2415 inseparabilis
997 2328 1041 2391 est
1061 2325 1229 2414 inscipit,
1254 2344 1289 2392 et
1299 2327 1396 2392 simul

282 2426 317 2476 et
338 2405 467 2494 semper
489 2409 552 2484 est,
581 2431 646 2473 nec
668 2409 782 2497 spatiis
802 2413 956 2474 locorum
980 2425 1014 2473 et
1035 2425 1225 2498 temporum
1246 2413 1395 2498 segrege·

282 2507 347 2557 tur.
377 2494 489 2556 Homo
515 2491 678 2578 liquidem
699 2514 770 2556 non
791 2491 913 2556 definit
933 2493 995 2556 else
1016 2497 1138 2576 hom03
1160 2495 1263 2560 homo
1280 2511 1395 2559 sutem

283 2595 405 2662 corpus
428 2589 463 2638 et
482 2574 595 2638 anima
617 2575 670 2638 est.
714 2575 750 2638 Si
771 2593 883 2640 sutem
903 2577 1032 2662 semper
1047 2579 1166 2652 horno,
1190 2577 1318 2664 semper
1332 2577 1396 2677 igi·

281 2675 338 2722 tur
360 2656 472 2722 enimn
494 2672 528 2720 et
549 2679 690 2744 corpus:
713 2674 747 2722 et
768 2659 922 2746 quamvis
944 2675 1055 2746 partes
1075 2659 1225 2724 hominis
1247 2684 1266 2725 e
1288 2663 1321 2730 se
1341 2683 1394 2726 tn·

280 2741 394 2806 vicem
423 2741 660 2828 segregentur,
702 2740 813 2806 unitus
842 2741 934 2808 euim
964 2741 1084 2808 deserit
1113 2745 1288 2821 usitatum,
1320 2745 1395 2831 post

279 2823 535 2913 generationem
557 2824 608 2888 sui
630 2824 798 2912 corporis.
830 2825 1000 2914 regimem
1036 2849 1101 2912 qua
1126 2827 1297 2893 deserente
1321 2849 1394 2892 cor-

277 2929 344 3057 pus
373 2907 532 2984 solvitur,
562 2923 741 2995 partesque
762 2909 854 2973 illius
876 2909 1020 3009 propriis
1044 2912 1286 2977 elementorum
1308 2910 1392 2976 sedis

303 3014 343 3056 ue
363 2991 735 3057 redduntur=·nuturuli
758 3008 868 3056 tamen
888 3011 1020 3058 retrone
1043 3009 1076 3058 et
1119 3010 1204 3060 artes
1220 2999 1263 3060 sd
1280 3011 1390 3059 totum

278 3074 397 3140 referri
428 3097 500 3140 non
529 3071 684 3140 desinunt
705 3076 833 3162 semper
856 3091 888 3140 et
911 3018 1192 3174 inseparabiliter,
1224 3094 1258 3142 et
1279 3094 1390 3142 totum

141 3232 142 3241 χ
187 3167 192 3186 ’
280 3159 323 3224 sti
342 3173 474 3244 partes:
496 3157 670 3222 relationis
691 3157 851 3245 fiquidem
873 3177 960 3224 rsuo
981 3163 1155 3247 utinquam
1176 3159 1400 3260 potestperiae

278 3262 325 3306 re.
368 3241 517 3306 Proinde
545 3245 637 3330 quod
659 3263 821 3327 corporeo
847 3242 954 3308 sensui
975 3243 1110 3308 videtur
1132 3245 1164 3307 se
1189 3267 1312 3332 regen,
1343 3247 1388 3308 ul·

278 3322 360 3393 tiori
388 3345 501 3388 rerum
522 3323 769 3410 speculatione,
804 3327 932 3412 semper
951 3327 1046 3391 simul
1069 3343 1102 3398 et
1123 3269 1390 3415 iufiepsrubiliter

278 3407 444 3472 subsrstere
464 3407 593 3472 necesse
614 3407 667 3474 est.
711 3411 798 3472 Nam
820 3425 855 3474 et
876 3431 996 3508 corpus
1017 3413 1221 3488 humanum,
1250 3413 1316 3478 sive
1336 3411 1388 3475 vi·

277 3512 377 3566 vum,
399 3491 465 3561 five
486 3506 678 3568 mortuum,
703 3513 825 3578 corpus
845 3493 994 3560 hominis
1016 3494 1075 3557 este
1105 3494 1255 3560 similiter
1276 3494 1389 3560 enims

276 3576 441 3650 humanu,
464 3573 531 3638 five
553 3595 674 3664 corpus
696 3575 794 3640 suum
816 3576 911 3642 simul
932 3575 1112 3644 collectum
1133 3593 1245 3666 reget,
1267 3577 1388 3652 sivein

276 3672 388 3743 portes
419 3655 704 3735 dissolutum,·ut
731 3659 886 3739 videtur,
922 3661 1068 3726 sensibus
1101 3683 1217 3749 regere
1249 3659 1387 3738 desinet,

277 3739 388 3808 enims
414 3756 527 3806 tamen
549 3739 699 3808 hominis
720 3745 875 3810 ellenon
897 3745 1003 3826 uellet.
1046 3749 1094 3811 Ac
1114 3768 1176 3833 per
1195 3747 1261 3810 hoc
1286 3744 1385 3810 ditur

275 3819 441 3911 intelligi,
470 3823 582 3890 altiori
603 3847 716 3892 rerum
737 3825 969 3904 intimatione,
1004 3849 1076 3894 non
1095 3828 1210 3896 miuus
1233 3850 1307 3895 erm
1330 3830 1388 3894 sd·

230 3955 233 3966 .
274 3905 459 3972 ministrare
480 3929 602 4002 corpus
623 3931 685 3998 per
701 3911 868 3979 elementa
882 3911 1076 3998 dispersum,
1098 3935 1200 4002 quem
1212 3934 1281 3978 uns
1296 3933 1388 3979 coru·

273 3989 399 4078 pagine
419 3995 648 4058 membrorum
668 3999 910 4082 conjunctum3
933 3997 1024 4098 quod
1044 4017 1123 4059 vera
1144 3995 1230 4062 rutio
1247 3995 1385 4062 indubi-

241 4089 385 4140 ·tenter
413 4079 542 4142 edocet.
586 4076 622 4141 si
655 4077 748 4144 enim
770 4078 881 4148 enims
902 4079 919 4144 s
940 4079 1037 4146 tritus
1060 4079 1121 4160 stt,
1179 4103 1214 4145 er
1234 4075 1382 4146 se'omui

218 4171 220 4178 '
274 4177 435 4247 corporea
465 4157 678 4237 crassitudine
708 4183 847 4252 osrens3
873 4103 945 4253 ipli
973 4185 1108 4254 quoque
1129 4103 1314 4242 elimenta,
1344 4159 1381 4231 iu
