2952 4824
205 185 208 192 ’
296 191 357 292 eo
444 161 453 184 ’
620 171 1070 290 renumeraret.

297 417 396 474 motu
414 401 495 468 tunt
512 395 608 476 finio,
629 397 811 490 quietaque
830 399 946 480 statio,
971 401 1180 500 ultraquam
1193 401 1308 468 nullut
1322 411 1414 467 orea-
1467 441 1468 448 κ

265 563 269 572 ¹
297 503 393 552 turae
415 483 628 572 progreditur
648 501 772 552 motui.
813 486 876 554 Hic
898 484 1158 552 diffinitionibus
1181 502 1294 572 aperte
1306 487 1410 550 Sanc·

298 587 354 636 tut
375 572 494 654 Diony
508 589 560 632 tus
583 568 795 656 astipulatur,
816 569 854 636 in
876 567 1046 636 amatorii-e
1065 567 1200 651 hymnis
1214 569 1258 634 fic
1274 568 1412 643 dicena;

294 662 446 730 Amorem
481 673 535 717 tvc
555 653 722 729 divinum,
733 651 813 741 stuc
833 655 1036 741 angfigum,
1047 649 1126 744 stuc
1145 654 1412 740 imellecjuolem,

289 723 701 841 flmqnteqfium3‘stoe
723 739 907 824 natuer
927 740 1092 814 dicamus,
1127 740 1414 822 unitivamqucn·

295 826 430 900 ἄμωμα
450 823 710 888 continuattvorn
730 819 952 906 intelligamus
960 825 1139 884 virtutem:
1148 814 1328 909 superiora
1339 823 1413 903 qui·

296 909 579 990 ‘immerentem
611 909 645 972 in
672 907 917 988 providentiam
939 897 1156 1006 inferiorum,
1189 917 1223 968 et
1243 899 1413 994 aequifor·
1467 929 1468 944 ¹

297 996 366 1056 mic
392 993 510 1054 iterum
531 989 771 1076 injociabilem
791 985 1060 1082 viciffitucltnem‚
1096 1001 1132 1052 et
1150 983 1320 1082 nouiffirna
1329 985 1415 1082 sub-

287 1077 399 1166 jecto,
426 1075 473 1138 od
500 1073 664 1138 meliorum
681 1067 932 1165 suppqfitorum
959 1094 1076 1138 conver
1090 1093 1205 1136 tonem.
1246 1065 1341 1138 idem
1371 1071 1412 1136 in

248 1221 264 1240 ,
297 1157 442 1224 eisdemt
475 1157 582 1257 Quum
611 1181 654 1224 en
684 1180 747 1223 uno
768 1157 886 1223 multos
906 1179 1033 1222 amores
1052 1157 1294 1232 ordinavimus,
1325 1178 1414 1220 nunc

295 1245 413 1306 iterum
435 1263 545 1306 omnes
565 1243 600 1304 in
620 1263 715 1306 unum
737 1256 771 1306 et
791 1243 1014 1324 complicitum
1034 1237 1197 1315 amorem,
1218 1254 1252 1312 et
1268 1244 1414 1307 omniurn

296 1321 442 1418 ipsorum
479 1339 610 1406 patrem
653 1326 884 1391 convolvamus
909 1322 1012 1414 fimul
1043 1338 1078 1388 et
1108 1345 1338 1406 congregemus
1368 1348 1412 1388 ex

296 1410 428 1484 multis,
460 1415 567 1490 primo
587 1409 728 1474 induas
750 1411 1057 1492 comprehendentes
1077 1411 1261 1474 amatorios
1281 1411 1411 1472 univer·

285 1487 411 1586 sollter
430 1497 596 1567 virtutes.
622 1514 756 1578 quarum
776 1506 974 1575 potentatur
994 1505 1029 1556 et
1047 1495 1257 1574 principatur
1277 1496 1410 1558 omnino

296 1603 341 1645 cn
366 1580 505 1650 omnium
529 1573 723 1668 summitate
742 1581 845 1642 omnis
866 1581 987 1642 amoris
1008 1573 1276 1677 immensurabilis
1295 1598 1358 1638 cou
1376 1599 1410 1653 a,

295 1677 332 1728 et
358 1663 406 1726 ad
435 1683 532 1746 quam
559 1662 753 1725 extenditur
780 1661 1039 1726 connaturaliter
1066 1663 1238 1744 untcuique
1266 1663 1324 1722 eni
1357 1684 1411 1724 cn·

293 1749 378 1810 tium
407 1758 441 1808 et
470 1742 685 1833 cnsscntr‘bus
714 1745 862 1810 omnibus
889 1737 1084 1836 uniuersalis
1110 1765 1211 1808 amor.
1254 1745 1342 1806 Item
1371 1745 1410 1808 in

295 1827 440 1894 eisdemt
461 1833 533 1909 Age
552 1850 652 1900 nunc,
675 1841 708 1890 et
726 1831 788 1906 Iros
808 1831 941 1910 iterum,
962 1831 1023 1890 hoc
1041 1823 1106 1918 est,
1126 1828 1250 1892 amoris
1263 1829 1412 1892 conces

296 1915 332 1978 in
358 1933 452 1974 unum
465 1982 468 1995 ³
482 1925 738 1994 congregantes,
771 1911 935 1982 dicamus,
970 1911 1062 2006 Quia
1087 1931 1153 1972 una
1176 1913 1337 1995 quaedam
1360 1909 1412 1997 qli

285 1993 435 2087 stmplex
468 1999 595 2068 virtus,
627 1988 780 2096 seipsam
814 2015 946 2058 mouens
973 1993 1020 2054 cd
1050 1994 1212 2056 unitivam
1241 1993 1410 2076 quondam

292 2081 548 2160 temperantium
569 2101 650 2142 cco
676 2091 757 2143 tuno
778 2100 878 2162 usque
900 2075 1110 2166 existentium
1130 2069 1350 2222 novdt'ffimum,
1375 2091 1411 2141 et

291 2163 335 2228 ab
356 2163 414 2226 illo
435 2165 555 2228 iterum
575 2102 805 2256 corseisuenter
820 2181 886 2243 per
906 2163 1016 2226 omnia
1036 2181 1073 2222 us
1096 2181 1134 2222 ue
1155 2183 1177 2224 u
1222 2163 1410 2241 optimum,-

295 2271 339 2310 erc
356 2243 393 2336 [e
414 2241 510 2336 ipsc,
534 2259 568 2308 et
616 2267 651 2308 er
687 2249 851 2326 cipum,
880 2258 914 2308 et
934 2180 1159 2332 cdseipjam,
1187 2239 1336 2335 [eiplam
1359 2267 1408 2308 re·

291 2331 431 2392 elucens:
459 2331 547 2390 etin
558 2268 638 2418 Jiip
656 2351 709 2390 om
748 2349 857 2402 emper
878 2329 989 2392 coelem
1011 2327 1106 2390 modo
1120 2328 1286 2392 reuoluto.
1333 2329 1409 2394 Me·

290 2411 357 2476 rito
371 2447 375 2455 ·
389 2431 468 2496 ergo
498 2431 591 2474 amor
653 2431 711 2473 eur
743 2407 885 2484 dicitur,
919 2407 999 2495 quia
1031 2407 1141 2472 omnia
1162 2409 1284 2474 amorio
1305 2411 1408 2476 caule

291 2494 352 2570 eu,
377 2508 411 2556 et
430 2512 491 2578 per
512 2489 627 2558 omnia
649 2491 869 2566 diffunditur,
892 2507 928 2578 et
948 2491 984 2556 in
1002 2514 1110 2556 unum
1124 2491 1255 2580 colligit
1275 2494 1406 2582 omitia,

291 2592 327 2641 et
363 2578 405 2640 ad
437 2573 580 2660 seipsum
615 2573 779 2638 ineffabili
809 2575 953 2660 regrellu
984 2573 1186 2651 revolvitur,
1230 2575 1408 2664 totiusque

290 2675 463 2725 creaturae
495 2656 673 2722 amatorios
694 2673 807 2728 motus
829 2656 866 2720 in
886 2655 1186 2742 seipso-terminat.
1227 2659 1299 2745 lpla
1322 2683 1408 2746 quo·

313 2765 356 2808 ue
378 2739 515 2806 divinae
534 2755 674 2804 naturae
697 2739 733 2804 in
757 2739 873 2806 omnia
893 2761 979 2826 quac
999 2739 1037 2804 in
1060 2763 1114 2816 ea,
1139 2756 1173 2805 et
1193 2743 1232 2805 ab
1254 2765 1292 2807 ea
1311 2743 1404 2820 sunt,

289 2766 422 2896 liffuto
445 2821 560 2890 omnia
581 2844 690 2888 amare
714 2822 858 2898 dicitur,
881 2844 952 2888 non
975 2821 1055 2908 quia
1075 2825 1146 2890 ullo
1160 2827 1262 2890 modo
1279 2825 1405 2892 diffun-

291 2912 408 2982 datur,
441 2909 533 2993 quod
561 2906 656 2972 omni
676 2922 773 2970 motu
796 2920 905 2982 caret,
942 2903 1123 2993 omniaque
1143 2908 1239 2972 fimul
1259 2908 1305 2972 im
1332 2911 1404 2986 let;

289 2991 346 3056 led
367 2987 446 3077 quia
465 2987 674 3054 rationabilia
695 2988 819 3057 mentia
841 2987 1034 3052 contuitum
1056 3012 1117 3075 per
1139 2989 1253 3055 omnia
1276 2991 1309 3055 di
1390 3027 1404 3043 ·

289 3073 341 3140 dit
368 3088 403 3137 et
431 3087 562 3148 movet,
598 3076 679 3137 dum
709 3070 895 3138 diffusionis
924 3085 958 3135 et
978 3087 1091 3138 motus
1114 3071 1220 3138 animi
1241 3075 1338 3138 caula
1362 3077 1404 3140 fit

285 3160 331 3222 ad
352 3177 430 3220 eum
451 3154 693 3240 inquirendum
716 3171 751 3220 et
770 3153 1041 3229 inveniendum,
1065 3171 1100 3220 ct
1120 3171 1284 3242 quantum
1302 3157 1405 3243 poffi-

285 3240 355 3306 bile
376 3239 421 3302 est
440 3237 720 3335 intelligendum,
744 3237 823 3324 quia
845 3235 959 3302 omnia
980 3236 1100 3323 implet
1120 3254 1161 3302 ut
1179 3240 1254 3316 lint,
1277 3241 1404 3306 etuni-

285 3320 419 3386 verlalia
449 3321 558 3384 veluti
587 3320 709 3386 amoris
767 3319 883 3386 ecifica
904 3320 1138 3406 copulatione,
1171 3320 1208 3386 in
1229 3321 1403 3392 unitatem

285 3403 560 3490 inseparabilem,
595 3425 680 3490 quae
710 3345 763 3466 cll
775 3406 866 3488 quod
888 3402 958 3489 ipse
980 3402 1044 3478 est,
1077 3403 1234 3468 universa
1255 3405 1401 3494 colligit,

282 3485 615 3573 insuperabiliterque
645 3485 913 3632 comprehendit.
949 3485 1084 3552 ,Amaci
1104 3487 1186 3552 item
1209 3487 1335 3554 dieitur
1356 3495 1402 3558 ab

221 3617 226 3652 ¹.
285 3569 464 3644 omnibue,
493 3589 579 3656 quae
601 3572 640 3632 ab
663 3591 704 3634 eo
741 3585 820 3644 unt,
850 3589 922 3633 non
944 3572 1037 3654 quod
1058 3571 1097 3634 ab
1122 3569 1170 3634 eia
1192 3569 1320 3658 aliquid
1340 3595 1402 3660 pa·

282 3653 403 3730 tiator,
426 3649 485 3739 qui
507 3653 596 3718 solue
619 3649 826 3738 impaffibilie
848 3651 910 3727 est;
932 3651 990 3716 sed
1004 3651 1090 3738 'quia
1113 3675 1191 3718 eum
1211 3654 1326 3720 omnia
1340 3679 1360 3720 a

281 3751 421 3824 petunt,
452 3733 620 3824 ipfiuaque
648 3734 845 3822 pulcritudo
874 3732 989 3800 omnia
1019 3738 1062 3799 ad
1090 3735 1124 3800 le
1157 3737 1281 3816 trehit3
1322 3737 1399 3826 ipe

283 3818 376 3884 enim
403 3819 493 3885 solue
520 3842 600 3886 rere
626 3818 778 3884 amabilia
802 3817 877 3893 cll,
899 3815 978 3904 quic
1000 3817 1089 3884 solua
1110 3819 1244 3886 smuma·
1260 3836 1294 3885 et
1315 3845 1400 3888 vera

280 3902 416 3969 bouituu
438 3917 474 3966 et
492 3903 687 3988 pulcritudo
710 3903 772 3979 ell3
795 3921 897 3966 omne
920 3899 1083 3986 liquidem
1105 3905 1334 4001 quodcunque
1356 3905 1397 3972 iu
1460 3899 1465 3910 ’

231 4024 235 4034 ·
280 3984 453 4052 creaturis
480 4007 559 4054 vere
579 3989 726 4065 bonum,
766 4005 914 4071 vereque
940 3985 1096 4070 pulcrum
1118 4001 1153 4050 et
1177 3989 1319 4056 amabile
1340 3987 1395 4054 in·

280 4065 476 4158 telligitur,i
502 4071 595 4138 leest.
618 4067 714 4136 Sicut
724 4067 1093 4150 enimnullumbouum
1103 4069 1270 4136 essentiale
1279 4069 1395 4148 eluite

279 4156 412 4222 nullum
429 4093 587 4242 pulcrum
600 4155 658 4224 [eu
672 4153 814 4226 mahte
822 4149 1140 4240 effeuualeptueter
1146 4151 1258 4242 ipsum
1269 4155 1391 4224 solum.
