2884 4820
470 261 576 331 mer
596 259 755 344 oenu-
1074 255 1154 366 m
1194 339 1197 352 .

60 459 156 512 rano·
180 463 299 528 eorpus
326 446 484 519 animus.
505 441 628 595 {urget
645 467 770 529 ¹eorpus
789 436 990 548 spirituale,
1023 447 1089 523 hoc
1110 445 1155 510 est

62 550 100 596 co
140 549 197 605 us,
228 530 320 615 qnod
348 528 491 594 animale
526 529 707 604 emittetur,
737 529 773 592 id
794 530 902 616 rpsum
923 547 1043 615 corpus
1064 527 1156 614 spiri·

61 629 115 678 tna
130 633 170 690 e,
190 615 257 678 hoc
277 611 323 676 stt*
340 629 505 676 mutatum
527 614 638 711 surget
656 612 693 676 in
716 613 732 676 s
754 611 886 686 iritum,
908 629 943 676 et
954 627 994 676 ut
1009 611 1156 699 apertius

62 697 186 771 dicam,
220 698 262 760 de
293 715 433 782 corpore
455 695 517 760 erit
538 697 682 783 spiritns.
726 635 826 780 guod
847 693 947 758 etiarn
969 709 1080 798 aperte
1102 696 1156 758 de

52 781 178 854 clarat,
201 776 337 842 dicenst
360 782 544 844 semirame
564 785 598 844 in
618 781 827 852 contumelia.
840 773 965 872 surget
982 803 1016 842 m
1029 779 1157 861 gloriis,-

51 857 233 955 seminatur
260 864 294 925 irs
310 862 535 954 '‘infirmitate,
559 857 742 954 snrgst'in
768 865 904 928 uirtute.
949 864 1048 1008 spirae}
1065 859 1158 925 enim

61 945 163 1032 gloria
193 943 237 1008 est
269 943 327 1008 seu
347 946 473 1020 virtus.
507 955 676 1010 terrenum
698 965 818 1032 corpus
841 946 877 1010 in
900 946 1058 1032 quassate
1077 945 1171 1033 [rde-x

59 1051 132 1093 runs
166 1041 200 1090 et
221 1027 403 1092 subtilitate
425 1030 757 1115 aethcrca'surgeres
781 1030 838 1092 sen
859 1028 1158 1096 celeriore-move

58 1111 111 1176 rit
143 1111 216 1175 Nec
246 1110 356 1179 obstat,
375 1113 466 1198 quod
490 1112 580 1178 idem
611 1109 783 1198 Apostolus
812 1111 875 1174 aits
910 1111 1005 1186 „etta
1027 1109 1157 1175 claritas

62 1193 137 1259 solis
148 1238 158 1268 ‚
182 1191 246 1256 alia
266 1192 398 1258 claritas
411 1196 539 1270 lunae,
563 1193 625 1259 alia
647 1193 776 1262 claritas
796 1195 976 1270 stellarum
999 1195 1158 1258 [tellesa-

62 1291 128 1340 tam
150 1295 168 1339 a
187 1275 277 1340 stella
300 1275 411 1341 differt
431 1277 467 1341 its
489 1277 657 1352 cleritatu
680 1277 727 1341 ita
750 1293 782 1340 et
795 1274 991 1342 resurrectio
1012 1291 1158 1342 mortuo·

61 1363 167 1425 rum·'’
209 1357 473 1424 similitudinem
495 1359 620 1447 quippe
633 1359 829 1426 ¹introdusit
850 1381 867 1424 e
889 1383 929 1426 co
972 1361 1083 1424 oribus
1104 1379 1156 1422 err-

61 1438 236 1505 cslliffimis
258 1441 504 1530 clarissimisque
525 1441 684 1508 sensibilis
703 1443 844 1518 mundi,
879 1458 918 1506 ut
953 1447 1090 1507 arderet
1109 1455 1158 1504 re-

63 1522 282 1588 surrectionis·
296 1526 454 1610 gratiam,
484 1541 517 1590 et
538 1526 727 1592 divinarum
750 1525 996 1612 apparitionum
1019 1545 1079 1612 per
1099 1524 1160 1588 fin·

61 1609 155 1692 gulos
175 1609 439 1694 regenerationis
458 1609 638 1697 participes
654 1608 900 1684 differentiam,
921 1613 988 1690 boc
1006 1609 1096 1673 enirn
1115 1605 1158 1670 est

51 1690 155 1778 stello
174 1705 282 1755 autern
302 1715 324 1755 u
341 1691 439 1783 stella
458 1691 576 1787 differt
596 1699 629 1758 in
650 1694 823 1768 claritate,
845 1695 960 1780 pulcre
981 1707 1016 1756 et
1036 1709 1158 1759 conver
1232 1707 1235 1712 '

61 1773 195 1837 nienttr
215 1797 255 1839 ex
275 1795 349 1841 com
376 1777 526 1842 aratione
547 1776 736 1843 coelestium
757 1774 973 1858 luminarium
988 1771 1160 1839 varietatis

14 1901 18 1914 .
60 1854 300 1923 multiformem
314 1801 549 1946 inirritamque
566 1861 841 1936 retributionem,
864 1861 1046 1926 secundum
1060 1875 1160 1944 quam

59 1937 244 2018 justiffimus
265 1943 366 2019 judex
386 1945 503 2004 reddet
524 1942 709 2040 unicuique
728 1949 861 2022 juxtao
888 1965 941 2006 era
962 1943 1036 2016 sus,
1069 1960 1161 2028 egreb

59 2018 134 2108 gina
157 2025 284 2085 Ductor
304 2021 483 2085 infinuans.
514 2025 592 2088 Non
616 2045 707 2088 emm
728 1959 888 2089 audiendi
908 2025 1003 2094 sunt.
1027 2021 1085 2108 qui
1104 2041 1160 2084 au·

59 2118 193 2168 tumant
224 2106 370 2168 humana
398 2125 537 2189 corpora
557 2105 628 2192 poli
648 2106 794 2171 suturam
817 2105 1091 2171 resurrectionem
1112 2101 1162 2166 its

58 2186 94 2250 in
117 2185 280 2282 aethereis
302 2185 414 2270 spatiis
433 2187 573 2262 sulfura.
592 2204 636 2252 ut
655 2191 921 2276 unumquodque
942 2203 1074 2252 tanturn
1095 2185 1160 2250 ola·

59 2269 168 2366 ritatss
197 2267 358 2354 accipiat,
395 2269 615 2354 quantumin
636 2274 699 2336 hac
719 2273 790 2336 vita
811 2269 1160 2366 conversationismp·

60 2349 274 2498 sistit
293 2352 1162 2524 istst?fitistiim?tttsff'ttptttt'tt!
1199 2491 1202 2514 ‚

63 2531 101 2580 to
130 2515 314 2580 obscuritas
342 2517 456 2581 minua
487 2518 740 2604 splendentibus
772 2537 1003 2606 compareturt
1045 2533 1162 2584 contrs

63 2619 146 2745 gum
174 2620 253 2662 vera
281 2597 368 2662 ratio
397 2599 444 2664 ait
470 2599 593 2664 divinis
622 2605 735 2681 adjuta
766 2602 956 2688 scripturis,
990 2601 1162 2666 manifeste

87 2701 188 2745 oceno
217 2681 369 2746 omnium
399 2686 622 2758 humanorum
652 2706 831 2770 corporum
851 2705 1065 2750 communem
1086 2703 1164 2748 ean·

65 2765 208 2849 demque
229 2765 368 2851 gloriam
389 2779 423 2827 et
442 2765 601 2829 virtutem
623 2765 659 2830 in
682 2771 798 2832 eadem
820 2767 1073 2854 spiritualitate.
1101 2765 1163 2830 im·

63 2846 291 2922 mortalitate,·
323 2846 521 2911 aeternitate
550 2848 707 2912 suturam.
752 2853 844 2914 Haec
865 2851 955 2914 enim
977 2849 1090 2913 omnia
1103 2867 1167 2934 go.

59 2929 220 2994 neraliter
241 2929 397 2995 omnibus
420 2930 705 2995 etindifferenter
724 2953 763 2995 ex
782 2947 901 2996 natura
914 2932 1164 3030 praestabuntur

66 3012 1018 3162 trist,stt*‘tlt‘tttt‘ltftsitistis
1040 3029 1163 3160 ‘tt

65 3177 241 3264 quaepiam
262 3141 394 3246 obscuri
434 3199 560 3262 marum
582 3121 762 3254 stellaruin,
783 3121 925 3255 habiie3
957 3143 1033 3244 osiris
1052 3193 1164 3265 neque

65 3261 144 3360 justi·
160 3259 266 3362 gloria
286 3261 322 3324 in
345 3263 495 3327 claritate
516 3262 686 3359 corporis,
717 3263 772 3360 sed
793 3263 828 3328 in
850 3263 996 3362 puritate
1017 3279 1165 3336 contem·

63 3345 1038 3514 stitit2„tt÷sttti'ttmtlmfttttdsl}‘lo
1055 3361 1167 3492 sitit

64 3509 163 3575 vinae
186 3509 420 3596 speculationis
441 3510 631 3597 privatione
653 3512 765 3574 sutura
783 3511 845 3574 iti
866 3511 1054 3578 Praesentia
1069 3507 1166 3598 fiqui·
1205 3524 1209 3536 ·

69 3594 142 3658 dem
163 3591 314 3657 veritatis
338 3592 439 3657 saciet
460 3597 608 3668 bonnm,
637 3591 783 3656 absentis
806 3593 972 3659 miserum.
1013 3591 1167 3680 Exempli

68 3675 189 3761 gratim
223 3678 306 3740 duos
327 3675 483 3746 homines
502 3697 685 3763 ponamus,
707 3677 826 3742 statura
848 3691 882 3742 et
902 3691 1024 3756 aetate,
1060 3679 1168 3744 sortus

69 3773 101 3856 et
122 3758 369 3906 pplcrfitudine‚
394 3759 533 3856 sanitate
554 3759 655 3858 etiam
679 3759 853 3907 corporisdt
870 3759 1046 3826 nobilitate
1068 3779 1167 3848 gens·

68 3849 1167 4074 {sitiiiiti‘itiiffn‘iiii‘iiffiffi333⁶}mm

69 4012 1169 4181 „ttttttntl¹tttott⁰tttttt⁹1²tttt'istite

64 4189 175 4254 eston
198 4191 377 4264 comptost
396 4165 480 4246 alter
499 4195 583 4246 vero
599 4174 777 4264 inspiras,
797 4174 1078 4264 moribasturpit.
1097 4191 1168 4244 w·
