2952 4824
150 168 155 345 ζ
276 219 330 296 98
506 163 1048 304 ‘Dammana-

261 352 405 484 ¹sualua,
425 405 504 492 pers
525 401 604 471 lclo.
644 405 693 474 M.
715 407 831 495 ltaque
851 405 1122 494 qnoniamclare
1141 403 1238 472 aldea
1252 402 1387 472 divido·

274 513 357 556 nem
375 504 476 554 natur
509 511 562 554 em
585 489 755 568 omnium,
779 513 798 558 a
820 489 978 558 creatore
997 505 1032 556 at
1048 487 1386 557 creaturainchoan·

275 589 365 651 tem,
398 587 434 637 et
464 573 502 637 in
522 571 678 650 homine,
709 573 827 661 quiin
850 575 1042 640 summitate
1062 572 1198 640 divinae
1217 571 1386 671 operatio-

88 645 90 650 ’
139 731 143 736 ,
260 656 331 724 nia
352 655 460 721 veluti
479 654 517 720 in
539 655 666 722 senaria
687 660 831 742 quadam
850 656 1121 744 perlectioneest
1135 658 1305 734 condatur,
1329 659 1388 720 de-

274 741 457 824 finentem3
478 742 545 819 iam
565 759 660 805 nunc
681 739 938 806 substantiarum·
955 738 1110 806 omnium
1124 742 1303 804 adunatam
1314 739 1387 804 col·

276 822 460 888 lectionem
480 825 520 886 ab
543 821 683 902 homine
703 821 941 903 inchoantem,
963 839 998 892 et
1009 843 1070 910 pet
1083 819 1258 901 hominem
1272 822 1388 886 ascan-

226 903 233 920 ’
277 909 415 972 dentem
443 925 550 992 usque
578 909 622 972 ad
642 905 752 992 ipsum
773 913 903 984 Deum,
925 907 995 995 ⁴qui
1019 903 1386 976 esstotiua'divifionia

266 1031 269 1038 ·
303 986 504 1074 rincipium‚
536 987 642 1054 totiuo
667 1011 711 1056 ue
732 987 948 1056 adunationis
967 989 1064 1067 finio,
1091 987 1256 1078 praedicti
1274 987 1388 1054 Patrio

274 1013 415 1136 dlaximi
436 1075 537 1136 verba
558 1011 802 1138 considerantes
823 1074 1007 1139 videamus.
1313 1149 1322 1166 .

338 1155 369 1219 6.
402 1155 481 1220 Non
504 1155 613 1231 enim,
635 1171 675 1220 ut
693 1156 937 1243 praediximus,
959 1170 1051 1221 recta
1069 1153 1156 1219 ratio
1179 1155 1221 1218 de
1241 1151 1388 1216 Divisio·
1459 1171 1465 1190 ¹

275 1259 322 1303 ne
344 1235 514 1325 permittit
535 1239 685 1303 absoluta
706 1253 866 1316 tractare,
900 1257 935 1305 et
954 1237 1163 1320 analyticam
1184 1234 1389 1300 intermitte·

276 1342 334 1396 re,
354 1319 412 1384 sed
433 1323 595 1386 ambobua
619 1323 800 1388 connexim
820 1323 996 1388 veriutem
1016 1325 1111 1404 jubet
1129 1321 1313 1396 consulere,
1336 1317 1389 1382 ait

278 1425 358 1492 ergo
381 1425 421 1468 ex
441 1427 503 1491 pro
528 1403 578 1468 ria
598 1405 772 1472 Diuisione
791 1406 973 1487 inchoant,
1005 1427 1044 1474 ac
1064 1405 1088 1468 sa
1111 1418 1224 1490 aperte
1246 1401 1388 1478 diceret,

301 1485 441 1552 uoniam
470 1429 725 1554 saisiantiarum
756 1489 873 1556 divifio
895 1511 981 1578 quaa
1005 1510 1023 1552 a
1044 1491 1117 1552 Deo
1139 1485 1274 1571 sumpsit
1294 1505 1391 1582 exor-

307 1569 394 1647 'um‚
419 1584 459 1652 ,et
479 1571 642 1658 gradatim
664 1573 887 1650 descendens,
915 1573 952 1636 in
974 1571 1146 1636 Diuisione
1167 1567 1327 1633 Hominra
1347 1567 1390 1631 ira

274 1655 463 1719 marculum
495 1669 529 1718 at
556 1653 741 1720 foeminam
770 1653 1090 1730 finem-constituitt
1121 1652 1248 1716 iterum
1269 1671 1389 1716 earun-

274 1739 354 1803 dem
382 1735 637 1801 substantiatum
657 1738 819 1804 adunatio
842 1741 882 1808 ab
905 1737 1053 1803 Homine
1074 1734 1193 1800 debuit
1211 1733 1387 1808 inchoare,

275 1833 311 1884 et
337 1840 400 1904 par
429 1822 565 1884 eoadem
594 1821 715 1907 gradus
736 1843 844 1909 utque
865 1824 907 1886 ad
928 1821 1038 1907 ipsum
1058 1821 1171 1884 Deum
1192 1818 1388 1882 ascenderet

274 1901 586 2050 {lallilmuiils
607 1901 765 2072 {litt
782 1899 1389 2073 {iodilifiitnlisill‘nilsi„ill

273 2065 397 2151 natio,
432 2089 494 2155 per
514 2068 694 2133 salvatorio
715 2069 875 2156 gratiam,
910 2069 948 2134 in
969 2089 1056 2155 quo,
1082 2083 1123 2132 ut
1143 2065 1207 2143 ait,
1244 2067 1389 2147 amplius

222 2221 225 2228 Δ
277 2173 343 2223 non
372 2147 422 2236 est
443 2153 604 2216 mmculus
623 2173 724 2236 nequa
734 2145 907 2243 foemina,
940 2153 1076 2236 ‚uando
1093 2153 1245 2214 humana
1264 2163 1389 2214 natura

273 2233 313 2300 in
350 2232 527 2322 pristinum
556 2233 753 2299 restauratur
779 2235 907 2300 statum.
939 2174 1045 2298 qllam
1073 2233 1097 2298 fi
1122 2231 1251 2318 primur
1279 2235 1388 2296 homo

273 2337 346 2382 raon
367 2331 537 2402 peccaret,
559 2332 699 2382 naturae
720 2316 796 2382 suae
808 2316 1026 2403 partitionem
1039 2297 1258 2401 in'duplicem
1271 2315 1388 2380 sexum

272 2419 344 2464 non
374 2413 562 2483 pateretur,
600 2399 657 2462 led
684 2397 722 2461 in
754 2397 1026 2485 primordialibus
1048 2397 1115 2462 suia
1136 2397 1325 2463 rationibus
1346 2396 1388 2461 in

273 2480 397 2568 quibua
418 2482 465 2544 od
486 2479 745 2562 imaginem-Dei
767 2482 925 2546 conditus
949 2482 1013 2559 est,
1034 2479 1290 2546 immutabiliter
1309 2503 1387 2567 per·

273 2577 447 2646 maneret3
490 2565 562 2626 uod
582 2562 636 2628 hio
658 2563 769 2628 verbis
791 2563 1162 2651 praedictna.Magister
1182 2565 1307 2650 aperitt
1333 2560 1387 2628 di·

270 2645 322 2711 cit
342 2645 451 2720 enim,
524 2647 570 2710 'us
589 2647 639 2710 'rea'
656 2649 790 2728 gratia,
810 2643 998 2740 noviffimur
1017 2647 1241 2712 introducitur
1261 2651 1312 2721 [iat
1331 2649 1387 2710 suit

272 2751 359 2816 quoa
375 2721 475 2818 sunt)
547 2751 614 2802 mo,
644 2751 709 2794 non
737 2733 756 2770 ⁴
788 2733 876 2796 nullo
896 2733 991 2798 modo
1011 2732 1207 2816 pendentem
1227 2723 1389 2824 adversita

271 2812 519 2894 primordialem
552 2815 715 2876 rationem
746 2815 783 2894 ip
799 2835 850 2878 tus
877 2817 1017 2888 rationis
1036 2815 1125 2878 circa
1142 2817 1388 2897 generationem

270 2897 410 2960 hominis
436 2897 545 2958 divina·
569 2893 733 2987 propofiti
771 2899 926 2962 ecuncsum
946 2899 1122 2962 mundum
1134 2897 1320 2986 foeminam
1344 2923 1404 2972 ua¹

269 3063 535 3144 ro
563 2974 1386 3132 ‘actitarat

270 3057 366 3209 distet
394 3110 551 3208 sutanum,
578 3085 754 3210 hodium
784 3147 970 3212 secundum
998 3146 1154 3212 divinum
1174 3151 1386 3234 propositum

270 3227 482 3318 solummodo
514 3227 699 3292 secundum
720 3231 907 3294 masculum
929 3245 963 3294 et
984 3229 1167 3303 foeminam
1188 3232 1386 3316 appellatio·

269 3331 350 3374 nem
371 3329 444 3373 non
467 3308 709 3386 dividendum
730 3333 792 3399 per
813 3333 913 3410 quarn
928 3312 1095 3410 rationpm
1109 3312 1266 3400 primitur
1280 3315 1386 3382 etiam

138 3417 146 3434 =
271 3392 381 3456 factus
413 3391 478 3472 all't
512 3389 549 3454 in
571 3391 648 3477 ipfia
669 3415 764 3459 nunc
784 3395 999 3460 existentibus
1020 3417 1109 3461 circa
1130 3419 1208 3462 eum
1227 3397 1387 3464 sectioni-

267 3478 332 3539 bua
362 3493 434 3538 non
463 3471 591 3537 divisus
622 3491 760 3562 propter
789 3477 895 3564 ipsam
923 3479 1108 3565 perfectam
1139 3481 1384 3546 adunationem

268 3559 313 3624 ad
364 3555 511 3643 ropriam
541 3555 707 3623 rationem
735 3581 797 3646 per
846 3583 925 3627 uam
945 3562 1092 3626 subfistit.
1133 3565 1173 3628 lu
1197 3563 1249 3628 hia
1270 3563 1384 3631 verbio

267 3639 338 3725 apti
374 3662 429 3704 me
452 3639 598 3704 insinuat
620 3639 731 3706 divini
752 3663 816 3708 con
856 3644 882 3707 ii
903 3645 1111 3732 propositum
1132 3665 1210 3732 erga
1230 3647 1383 3714 hominia

207 3755 210 3764 ·
259 3721 520 3798 conditionem,
543 3723 567 3786 fi
588 3745 666 3789 eum
681 3743 900 3810 peccaturum
917 3748 988 3793 non
1001 3745 1254 3814 praenoacerett
1275 3735 1382 3798 homo

266 3827 417 3892 namque
437 3807 648 3872 solummodo
672 3809 751 3872 osset
771 3809 808 3886 in
822 3810 1033 3896 simplicitate
1046 3813 1125 3876 suae
1136 3827 1278 3879 naturae
1291 3836 1383 3880 crea-

270 3905 346 3964 tua,
369 3909 478 4037 eoffiue
498 3891 601 3955 modo
623 3912 690 3988 qpo
712 3891 828 3958 Sancti
850 3893 972 3982 Angeli
991 3894 1210 3982 multiplicati
1232 3899 1312 3963 sunt
1329 3897 1384 3964 iu·

270 3973 409 4038 tellecta
442 3971 517 4038 ibua
529 3975 1001 4065 nument,multiplicarctur;
1019 3979 1184 4044 sedreatu
1195 3981 1273 4047 suaa
1286 4003 1383 4068 praa·

180 4096 184 4104 =
270 4053 487 4122 varicationia
517 4059 677 4134 obtutui,
706 4075 847 4126 naturae
875 4063 953 4134 suaa
973 4061 1173 4128 divilionam
1192 4063 1231 4130 in
1252 4085 1384 4132 maten·

268 4141 343 4242 lum
362 4155 398 4205 ct
415 4138 601 4208 foeminam
621 4141 665 4208 esi
684 4144 816 4232 pallua3
838 4159 872 4210 ct
892 4143 1056 4234 quoniam
1066 4144 1125 4214 ille
1141 4145 1382 4222 mumma

320 4251 346 4311 *t
360 4252 485 4304 Dareum
496 4251 729 4338 sammonico,
739 4266 773 4308 ut
787 4263 862 4309 aaut
876 4259 985 4312 ahana·
999 4259 1102 4311 aalma.
