<?xml version="1.0" encoding="UTF-8"?>
<!DOCTYPE html PUBLIC "-//W3C//DTD XHTML 1.0 Transitional//EN"
    "http://www.w3.org/TR/xhtml1/DTD/xhtml1-transitional.dtd">
<html xmlns="http://www.w3.org/1999/xhtml" xml:lang="en" lang="en">
 <head>
  <title>
</title>
<meta http-equiv="Content-Type" content="text/html;charset=utf-8" />
  <meta name='ocr-system' content='tesseract 3.04.00' />
  <meta name='ocr-capabilities' content='ocr_page ocr_carea ocr_par ocr_line ocrx_word'/>
</head>
<body>
  <div class='ocr_page' id='page_1' title='image "./dedivisionenatu00eriggoog_0456.png"; bbox 0 0 2970 4826; ppageno 0'>
   <div class='ocr_carea' id='block_1_1' title="bbox 446 271 1145 356">
    <p class='ocr_par' dir='ltr' id='par_1_1' title="bbox 446 271 1145 356">
     <span class='ocr_line' id='line_1_1' title="bbox 446 271 1145 356; baseline 0.003 -16"><span class='ocrx_word' id='word_1_1' title='bbox 446 273 555 344; x_wconf 78' lang='lat' dir='ltr'><strong>biber</strong></span> <span class='ocrx_word' id='word_1_2' title='bbox 573 273 742 356; x_wconf 76' lang='lat' dir='ltr'><strong>Querbu.</strong></span> <span class='ocrx_word' id='word_1_3' title='bbox 1070 271 1145 344; x_wconf 75' lang='lat' dir='ltr'><strong>tre</strong></span> 
     </span>
    </p>
   </div>
   <div class='ocr_carea' id='block_1_2' title="bbox 30 417 1235 689">
    <p class='ocr_par' dir='ltr' id='par_1_2' title="bbox 30 417 1235 689">
     <span class='ocr_line' id='line_1_2' title="bbox 30 417 1143 546; baseline 0 -24"><span class='ocrx_word' id='word_1_4' title='bbox 30 456 161 522; x_wconf 86' lang='lat' dir='ltr'><strong>&#39;emina</strong></span> <span class='ocrx_word' id='word_1_5' title='bbox 184 417 350 522; x_wconf 81' lang='lat' dir='ltr'><strong>nutriunt.</strong></span> <span class='ocrx_word' id='word_1_6' title='bbox 380 457 425 521; x_wconf 87' lang='lat' dir='ltr'><strong>Et</strong></span> <span class='ocrx_word' id='word_1_7' title='bbox 444 459 511 522; x_wconf 91' lang='lat' dir='ltr'><strong>boc</strong></span> <span class='ocrx_word' id='word_1_8' title='bbox 531 454 576 522; x_wconf 88' lang='lat' dir='ltr'><strong>asl</strong></span> <span class='ocrx_word' id='word_1_9' title='bbox 617 457 687 522; x_wconf 85' lang='lat' dir='ltr'><strong>uod</strong></span> <span class='ocrx_word' id='word_1_10' title='bbox 707 439 859 542; x_wconf 82' lang='lat' dir='ltr'><strong>superine</strong></span> <span class='ocrx_word' id='word_1_11' title='bbox 879 449 1026 522; x_wconf 80' lang='lat' dir='ltr'><strong>insinuat</strong></span> <span class='ocrx_word' id='word_1_12' title='bbox 1044 458 1143 546; x_wconf 75' lang='lat' dir='ltr'><strong>serip-</strong></span> 
     </span>
     <span class='ocr_line' id='line_1_3' title="bbox 30 537 1235 689; baseline -0.003 -85"><span class='ocrx_word' id='word_1_13' title='bbox 30 561 101 606; x_wconf 77' lang='lat' dir='ltr'><strong>ure</strong></span> <span class='ocrx_word' id='word_1_14' title='bbox 126 539 191 604; x_wconf 90' lang='lat' dir='ltr'><strong>ubi</strong></span> <span class='ocrx_word' id='word_1_15' title='bbox 213 537 277 602; x_wconf 86' lang='lat' dir='ltr'><strong>ait=</strong></span> <span class='ocrx_word' id='word_1_16' title='bbox 302 539 404 606; x_wconf 78' lang='lat' dir='ltr'><strong>Vidit</strong></span> <span class='ocrx_word' id='word_1_17' title='bbox 424 543 578 622; x_wconf 76' lang='lat' dir='ltr'><strong>igiturne</strong></span> <span class='ocrx_word' id='word_1_18' title='bbox 613 545 661 604; x_wconf 85' lang='lat' dir='ltr'><strong>ier</strong></span> <span class='ocrx_word' id='word_1_19' title='bbox 680 541 767 624; x_wconf 81' lang='lat' dir='ltr'><strong>quod</strong></span> <span class='ocrx_word' id='word_1_20' title='bbox 788 539 901 605; x_wconf 84' lang='lat' dir='ltr'><strong>bonum</strong></span> <span class='ocrx_word' id='word_1_21' title='bbox 923 538 1006 689; x_wconf 63' lang='lat' dir='ltr'><strong>pffet</strong></span> <span class='ocrx_word' id='word_1_22' title='bbox 1019 544 1143 624; x_wconf 71' lang='lat' dir='ltr'><strong>ligerum</strong></span> <span class='ocrx_word' id='word_1_23' title='bbox 1189 593 1193 607; x_wconf 84' lang='grc'><em>,</em></span> <span class='ocrx_word' id='word_1_24' title='bbox 1230 583 1235 600; x_wconf 53' lang='grc' dir='ltr'><strong>ι</strong></span> 
     </span>
    </p>
   </div>
   <div class='ocr_carea' id='block_1_3' title="bbox 30 619 1246 3292">
    <p class='ocr_par' dir='ltr' id='par_1_3' title="bbox 30 619 1246 3292">
     <span class='ocr_line' id='line_1_4' title="bbox 30 619 1144 716; baseline 0.005 -30"><span class='ocrx_word' id='word_1_25' title='bbox 30 625 68 687; x_wconf 76' lang='lat' dir='ltr'><strong>rei</strong></span> <span class='ocrx_word' id='word_1_26' title='bbox 90 623 307 699; x_wconf 76' lang='lat' dir='ltr'><strong>vescendum,</strong></span> <span class='ocrx_word' id='word_1_27' title='bbox 331 635 365 687; x_wconf 81' lang='lat' dir='ltr'><strong>et</strong></span> <span class='ocrx_word' id='word_1_28' title='bbox 383 625 529 704; x_wconf 69' lang='lat' dir='ltr'><strong>presertim</strong></span> <span class='ocrx_word' id='word_1_29' title='bbox 548 627 651 691; x_wconf 79' lang='lat' dir='ltr'><strong>oerelis</strong></span> <span class='ocrx_word' id='word_1_30' title='bbox 670 619 868 716; x_wconf 81' lang='lat' dir='ltr'><strong>aspectuque</strong></span> <span class='ocrx_word' id='word_1_31' title='bbox 882 625 925 688; x_wconf 79' lang='lat' dir='ltr'><strong>de</strong></span> <span class='ocrx_word' id='word_1_32' title='bbox 937 627 1085 698; x_wconf 76' lang='lat' dir='ltr'><strong>creabile,</strong></span> <span class='ocrx_word' id='word_1_33' title='bbox 1108 640 1144 692; x_wconf 81' lang='lat' dir='ltr'><strong>et</strong></span> 
     </span>
     <span class='ocr_line' id='line_1_5' title="bbox 30 699 1143 794; baseline 0.006 -27"><span class='ocrx_word' id='word_1_34' title='bbox 30 709 108 770; x_wconf 76' lang='lat' dir='ltr'><strong>:ulte</strong></span> <span class='ocrx_word' id='word_1_35' title='bbox 139 709 186 770; x_wconf 81' lang='lat' dir='ltr'><strong>rie</strong></span> <span class='ocrx_word' id='word_1_36' title='bbox 208 699 331 794; x_wconf 83' lang='lat' dir='ltr'><strong>fructu</strong></span> <span class='ocrx_word' id='word_1_37' title='bbox 363 709 415 772; x_wconf 83' lang='lat' dir='ltr'><strong>ilii</strong></span> <span class='ocrx_word' id='word_1_38' title='bbox 436 723 470 774; x_wconf 86' lang='lat' dir='ltr'><strong>et</strong></span> <span class='ocrx_word' id='word_1_39' title='bbox 489 711 649 786; x_wconf 80' lang='lat' dir='ltr'><strong>eomedit,</strong></span> <span class='ocrx_word' id='word_1_40' title='bbox 685 711 842 792; x_wconf 79' lang='lat' dir='ltr'><strong>deditque</strong></span> <span class='ocrx_word' id='word_1_41' title='bbox 861 709 935 776; x_wconf 83' lang='lat' dir='ltr'><strong>uiro&#39;</strong></span> <span class='ocrx_word' id='word_1_42' title='bbox 954 705 1024 794; x_wconf 79' lang='lat' dir='ltr'><strong>luo.</strong></span> <span class='ocrx_word' id='word_1_43' title='bbox 1068 713 1143 774; x_wconf 86' lang='lat' dir='ltr'><strong>Mu·</strong></span> 
     </span>
     <span class='ocr_line' id='line_1_6' title="bbox 31 789 1142 880; baseline 0.004 -26"><span class='ocrx_word' id='word_1_44' title='bbox 31 792 147 854; x_wconf 87' lang='lat' dir='ltr'><strong>ierem</strong></span> <span class='ocrx_word' id='word_1_45' title='bbox 170 791 332 856; x_wconf 81' lang='lat' dir='ltr'><strong>videlicet</strong></span> <span class='ocrx_word' id='word_1_46' title='bbox 352 791 494 879; x_wconf 82' lang='lat' dir='ltr'><strong>figurate</strong></span> <span class='ocrx_word' id='word_1_47' title='bbox 515 793 712 858; x_wconf 80' lang='lat' dir='ltr'>exteriorem</span> <span class='ocrx_word' id='word_1_48' title='bbox 734 793 864 856; x_wconf 85' lang='lat' dir='ltr'><strong>sensum</strong></span> <span class='ocrx_word' id='word_1_49' title='bbox 880 789 1069 880; x_wconf 79' lang='lat' dir='ltr'><strong>appellans,</strong></span> <span class='ocrx_word' id='word_1_50' title='bbox 1091 815 1142 858; x_wconf 85' lang='lat' dir='ltr'><strong>re·</strong></span> 
     </span>
     <span class='ocr_line' id='line_1_7' title="bbox 30 873 1140 962; baseline 0.003 -25"><span class='ocrx_word' id='word_1_51' title='bbox 30 897 100 938; x_wconf 81' lang='lat' dir='ltr'><strong>um</strong></span> <span class='ocrx_word' id='word_1_52' title='bbox 133 873 340 939; x_wconf 85' lang='lat' dir='ltr'><strong>sensibilium</strong></span> <span class='ocrx_word' id='word_1_53' title='bbox 394 877 550 941; x_wconf 87' lang='lat' dir='ltr'><strong>bantasria</strong></span> <span class='ocrx_word' id='word_1_54' title='bbox 579 879 781 952; x_wconf 76' lang='lat' dir='ltr'><strong>delectatum</strong></span> <span class='ocrx_word' id='word_1_55' title='bbox 809 875 909 962; x_wconf 85' lang='lat' dir='ltr'><strong>atqbe</strong></span> <span class='ocrx_word' id='word_1_56' title='bbox 941 881 1140 962; x_wconf 72' lang='lat' dir='ltr'><strong>deceptume</strong></span> 
     </span>
     <span class='ocr_line' id='line_1_8' title="bbox 30 899 1142 1056; baseline 0.004 -36"><span class='ocrx_word' id='word_1_57' title='bbox 30 956 90 1020; x_wconf 81' lang='lat' dir='ltr'><strong>riri</strong></span> <span class='ocrx_word' id='word_1_58' title='bbox 131 973 248 1022; x_wconf 84' lang='lat' dir='ltr'><strong>autem</strong></span> <span class='ocrx_word' id='word_1_59' title='bbox 286 899 511 1056; x_wconf 72' lang='lat' dir='ltr'><strong>appeiiatione</strong></span> <span class='ocrx_word' id='word_1_60' title='bbox 543 960 693 1026; x_wconf 85' lang='lat' dir='ltr'><strong>animum</strong></span> <span class='ocrx_word' id='word_1_61' title='bbox 725 958 1003 1049; x_wconf 73' lang='lat' dir='ltr'><strong>significantqui</strong></span> <span class='ocrx_word' id='word_1_62' title='bbox 1032 959 1142 1048; x_wconf 82' lang='lat' dir='ltr'><strong>sensui</strong></span> 
     </span>
     <span class='ocr_line' id='line_1_9' title="bbox 30 1040 1153 1128; baseline 0.004 -24"><span class='ocrx_word' id='word_1_63' title='bbox 30 1061 194 1126; x_wconf 83' lang='lat' dir='ltr'><strong>:orporeo</strong></span> <span class='ocrx_word' id='word_1_64' title='bbox 227 1040 346 1106; x_wconf 75' lang='lat' dir='ltr'><strong>illicite</strong></span> <span class='ocrx_word' id='word_1_65' title='bbox 368 1043 600 1118; x_wconf 81' lang='lat' dir='ltr'><strong>consentient,</strong></span> <span class='ocrx_word' id='word_1_66' title='bbox 632 1041 874 1128; x_wconf 77' lang='lat' dir='ltr'><strong>corrumpitur,</strong></span> <span class='ocrx_word' id='word_1_67' title='bbox 907 1045 1041 1116; x_wconf 77' lang='lat' dir='ltr'><strong>hoeesl</strong></span> <span class='ocrx_word' id='word_1_68' title='bbox 1061 1065 1153 1108; x_wconf 58' lang='lat' dir='ltr'><strong>con-r</strong></span> 
     </span>
     <span class='ocr_line' id='line_1_10' title="bbox 30 1124 1133 1214; baseline 0.002 -26"><span class='ocrx_word' id='word_1_69' title='bbox 30 1125 252 1210; x_wconf 78' lang='lat' dir='ltr'><strong>:empletione</strong></span> <span class='ocrx_word' id='word_1_70' title='bbox 273 1124 414 1190; x_wconf 86' lang='lat' dir='ltr'><strong>intimae</strong></span> <span class='ocrx_word' id='word_1_71' title='bbox 434 1126 585 1192; x_wconf 75' lang='lat' dir='ltr'><strong>veritatis</strong></span> <span class='ocrx_word' id='word_1_72' title='bbox 606 1127 805 1214; x_wconf 76' lang='lat' dir='ltr'>segregatur.</span> <span class='ocrx_word' id='word_1_73' title='bbox 893 1157 920 1206; x_wconf 60' lang='grc' dir='ltr'><strong>ι,</strong></span> <span class='ocrx_word' id='word_1_74' title='bbox 1129 1149 1133 1160; x_wconf 89' lang='grc'>·</span> 
     </span>
     <span class='ocr_line' id='line_1_11' title="bbox 88 1209 1246 1296; baseline 0.004 -26"><span class='ocrx_word' id='word_1_75' title='bbox 88 1219 143 1286; x_wconf 75' lang='lat'><strong>25.</strong></span> <span class='ocrx_word' id='word_1_76' title='bbox 175 1210 313 1274; x_wconf 79' lang='lat' dir='ltr'><strong>Mulieri</strong></span> <span class='ocrx_word' id='word_1_77' title='bbox 332 1221 456 1296; x_wconf 74' lang='lat' dir='ltr'><strong>quoque</strong></span> <span class='ocrx_word' id='word_1_78' title='bbox 476 1213 585 1288; x_wconf 74' lang='lat' dir='ltr'><strong>diere,</strong></span> <span class='ocrx_word' id='word_1_79' title='bbox 621 1209 1141 1292; x_wconf 68' lang='lat' dir='ltr'><strong>mutliplicate‘aernmnas‘ruas</strong></span> <span class='ocrx_word' id='word_1_80' title='bbox 1242 1235 1246 1243; x_wconf 57' lang='lat'>*</span> 
     </span>
     <span class='ocr_line' id='line_1_12' title="bbox 30 1294 1216 1387; baseline 0.005 -35"><span class='ocrx_word' id='word_1_81' title='bbox 30 1303 56 1352; x_wconf 79' lang='lat' dir='ltr'><strong>rt</strong></span> <span class='ocrx_word' id='word_1_82' title='bbox 78 1306 263 1372; x_wconf 82' lang='lat' dir='ltr'><strong>conceptus</strong></span> <span class='ocrx_word' id='word_1_83' title='bbox 283 1307 377 1370; x_wconf 81' lang='lat' dir='ltr'><strong>tuos,-</strong></span> <span class='ocrx_word' id='word_1_84' title='bbox 411 1299 446 1358; x_wconf 86' lang='lat' dir='ltr'><strong>iu</strong></span> <span class='ocrx_word' id='word_1_85' title='bbox 465 1296 575 1360; x_wconf 81' lang='lat' dir='ltr'><strong>labore</strong></span> <span class='ocrx_word' id='word_1_86' title='bbox 592 1299 705 1378; x_wconf 73' lang='lat' dir='ltr'><strong>peries</strong></span> <span class='ocrx_word' id='word_1_87' title='bbox 716 1294 820 1387; x_wconf 75' lang='lat' dir='ltr'><strong>filice.</strong></span> <span class='ocrx_word' id='word_1_88' title='bbox 858 1295 928 1358; x_wconf 72' lang='lat' dir='ltr'><strong>»libi</strong></span> <span class='ocrx_word' id='word_1_89' title='bbox 942 1301 966 1356; x_wconf 75' lang='lat' dir='ltr'><strong>‘a</strong></span> <span class='ocrx_word' id='word_1_90' title='bbox 994 1311 1063 1357; x_wconf 87' lang='lat' dir='ltr'><strong>erte</strong></span> <span class='ocrx_word' id='word_1_91' title='bbox 1085 1298 1139 1358; x_wconf 87' lang='lat' dir='ltr'><strong>da·</strong></span> <span class='ocrx_word' id='word_1_92' title='bbox 1212 1341 1216 1350; x_wconf 74' lang='lat'><em>.</em></span> 
     </span>
     <span class='ocr_line' id='line_1_13' title="bbox 30 1316 1139 1469; baseline 0.007 -37"><span class='ocrx_word' id='word_1_93' title='bbox 30 1395 78 1435; x_wconf 80' lang='grc' dir='ltr'><strong>,ιιι</strong></span> <span class='ocrx_word' id='word_1_94' title='bbox 100 1371 271 1463; x_wconf 75' lang='lat' dir='ltr'><strong>intelligi,</strong></span> <span class='ocrx_word' id='word_1_95' title='bbox 297 1379 390 1462; x_wconf 88' lang='lat' dir='ltr'><strong>quod</strong></span> <span class='ocrx_word' id='word_1_96' title='bbox 410 1379 434 1442; x_wconf 75' lang='grc' dir='ltr'><strong>[ι</strong></span> <span class='ocrx_word' id='word_1_97' title='bbox 455 1382 558 1443; x_wconf 88' lang='lat' dir='ltr'><strong>homo</strong></span> <span class='ocrx_word' id='word_1_98' title='bbox 580 1401 650 1444; x_wconf 90' lang='lat' dir='ltr'><strong>non</strong></span> <span class='ocrx_word' id='word_1_99' title='bbox 672 1369 939 1469; x_wconf 67' lang='lat' dir='ltr'><strong>peecaretsttion</strong></span> <span class='ocrx_word' id='word_1_100' title='bbox 961 1316 1068 1440; x_wconf 68' lang='lat' dir='ltr'><strong>lblum</strong></span> <span class='ocrx_word' id='word_1_101' title='bbox 1089 1377 1139 1440; x_wconf 88' lang='lat' dir='ltr'><strong>in·</strong></span> 
     </span>
     <span class='ocr_line' id='line_1_14' title="bbox 30 1455 1139 1548; baseline 0.005 -30"><span class='ocrx_word' id='word_1_102' title='bbox 30 1455 144 1520; x_wconf 82' lang='lat' dir='ltr'><strong>eriori</strong></span> <span class='ocrx_word' id='word_1_103' title='bbox 167 1457 363 1535; x_wconf 85' lang='lat' dir='ltr'><strong>intellectu,</strong></span> <span class='ocrx_word' id='word_1_104' title='bbox 384 1485 502 1548; x_wconf 79' lang='lat' dir='ltr'><strong>verpm</strong></span> <span class='ocrx_word' id='word_1_105' title='bbox 525 1461 626 1526; x_wconf 83' lang='lat' dir='ltr'><strong>etiarn</strong></span> <span class='ocrx_word' id='word_1_106' title='bbox 648 1459 805 1527; x_wconf 83' lang='lat' dir='ltr'><strong>exteriori</strong></span> <span class='ocrx_word' id='word_1_107' title='bbox 826 1456 921 1524; x_wconf 71' lang='lat' dir='ltr'><strong>falsu</strong></span> <span class='ocrx_word' id='word_1_108' title='bbox 938 1477 1075 1524; x_wconf 73' lang='lat' dir='ltr'><strong>naturae</strong></span> <span class='ocrx_word' id='word_1_109' title='bbox 1091 1483 1139 1524; x_wconf 91' lang='lat' dir='ltr'><strong>re·</strong></span> 
     </span>
     <span class='ocr_line' id='line_1_15' title="bbox 30 1539 1140 1618; baseline 0.005 -16"><span class='ocrx_word' id='word_1_110' title='bbox 30 1561 98 1602; x_wconf 81' lang='lat' dir='ltr'><strong>una</strong></span> <span class='ocrx_word' id='word_1_111' title='bbox 130 1557 167 1604; x_wconf 86' lang='lat' dir='ltr'><strong>at</strong></span> <span class='ocrx_word' id='word_1_112' title='bbox 193 1541 498 1610; x_wconf 80' lang='lat' dir='ltr'><strong>rationeasurnma</strong></span> <span class='ocrx_word' id='word_1_113' title='bbox 529 1545 712 1618; x_wconf 76' lang='lat' dir='ltr'><strong>facilitate,</strong></span> <span class='ocrx_word' id='word_1_114' title='bbox 748 1541 841 1609; x_wconf 85' lang='lat' dir='ltr'><strong>onrni</strong></span> <span class='ocrx_word' id='word_1_115' title='bbox 867 1539 1140 1608; x_wconf 72' lang='lat' dir='ltr'><strong>&#39;ratiocinationis</strong></span> 
     </span>
     <span class='ocr_line' id='line_1_16' title="bbox 30 1623 1212 1714; baseline 0.005 -26"><span class='ocrx_word' id='word_1_116' title='bbox 30 1623 221 1690; x_wconf 83' lang='lat' dir='ltr'><strong>receffitate</strong></span> <span class='ocrx_word' id='word_1_117' title='bbox 245 1627 432 1703; x_wconf 74' lang='lat' dir='ltr'><strong>absolutus‘,</strong></span> <span class='ocrx_word' id='word_1_118' title='bbox 454 1628 624 1714; x_wconf 83' lang='lat' dir='ltr'><strong>purissime</strong></span> <span class='ocrx_word' id='word_1_119' title='bbox 641 1627 948 1714; x_wconf 58' lang='lat' dir='ltr'><strong>contemplaretur„</strong></span> <span class='ocrx_word' id='word_1_120' title='bbox 962 1627 1138 1712; x_wconf 70' lang='lat' dir='ltr'><strong>Reliquam</strong></span> <span class='ocrx_word' id='word_1_121' title='bbox 1209 1679 1212 1694; x_wconf 91' lang='lat'><em>.</em></span> 
     </span>
     <span class='ocr_line' id='line_1_17' title="bbox 30 1709 1138 1805; baseline 0.005 -36"><span class='ocrx_word' id='word_1_122' title='bbox 30 1728 107 1770; x_wconf 72' lang='lat' dir='ltr'><strong>tero</strong></span> <span class='ocrx_word' id='word_1_123' title='bbox 128 1709 308 1805; x_wconf 86' lang='lat' dir='ltr'><strong>peccavit,</strong></span> <span class='ocrx_word' id='word_1_124' title='bbox 331 1733 392 1796; x_wconf 91' lang='lat' dir='ltr'><strong>per</strong></span> <span class='ocrx_word' id='word_1_125' title='bbox 413 1733 538 1797; x_wconf 88' lang='lat' dir='ltr'><strong>organa</strong></span> <span class='ocrx_word' id='word_1_126' title='bbox 559 1711 863 1775; x_wconf 69' lang='lat' dir='ltr'><strong>exterioriesensur</strong></span> <span class='ocrx_word' id='word_1_127' title='bbox 884 1731 953 1773; x_wconf 89' lang='lat' dir='ltr'><strong>non</strong></span> <span class='ocrx_word' id='word_1_128' title='bbox 977 1709 1043 1772; x_wconf 84' lang='lat' dir='ltr'><strong>nist</strong></span> <span class='ocrx_word' id='word_1_129' title='bbox 1055 1712 1138 1776; x_wconf 81' lang='lat' dir='ltr'><strong>solae</strong></span> 
     </span>
     <span class='ocr_line' id='line_1_18' title="bbox 30 1791 1138 1880; baseline 0.004 -26"><span class='ocrx_word' id='word_1_130' title='bbox 30 1791 231 1856; x_wconf 84' lang='lat' dir='ltr'><strong>&#39;enlibrliom</strong></span> <span class='ocrx_word' id='word_1_131' title='bbox 253 1792 461 1878; x_wconf 71' lang='lat' dir='ltr'><strong>superficiei,</strong></span> <span class='ocrx_word' id='word_1_132' title='bbox 486 1809 520 1857; x_wconf 91' lang='lat' dir='ltr'><strong>et</strong></span> <span class='ocrx_word' id='word_1_133' title='bbox 541 1795 766 1880; x_wconf 76' lang='lat' dir='ltr'><strong>quantitates,</strong></span> <span class='ocrx_word' id='word_1_134' title='bbox 792 1810 825 1858; x_wconf 89' lang='lat' dir='ltr'><strong>et</strong></span> <span class='ocrx_word' id='word_1_135' title='bbox 839 1792 1036 1880; x_wconf 70' lang='lat' dir='ltr'><strong>qualitatee,</strong></span> <span class='ocrx_word' id='word_1_136' title='bbox 1051 1795 1138 1859; x_wconf 78' lang='lat' dir='ltr'><strong>litua</strong></span> 
     </span>
     <span class='ocr_line' id='line_1_19' title="bbox 30 1875 1139 1972; baseline 0.004 -36"><span class='ocrx_word' id='word_1_137' title='bbox 30 1893 180 1972; x_wconf 72' lang='lat' dir='ltr'><strong>puoque,</strong></span> <span class='ocrx_word' id='word_1_138' title='bbox 204 1889 239 1938; x_wconf 89' lang='lat' dir='ltr'><strong>et</strong></span> <span class='ocrx_word' id='word_1_139' title='bbox 260 1875 499 1952; x_wconf 77' lang='lat' dir='ltr'><strong>habitudines,</strong></span> <span class='ocrx_word' id='word_1_140' title='bbox 524 1893 720 1964; x_wconf 87' lang='lat' dir='ltr'><strong>caeteraque</strong></span> <span class='ocrx_word' id='word_1_141' title='bbox 741 1899 826 1962; x_wconf 88' lang='lat' dir='ltr'><strong>quae</strong></span> <span class='ocrx_word' id='word_1_142' title='bbox 849 1897 1010 1962; x_wconf 87' lang='lat' dir='ltr'><strong>corporeo</strong></span> <span class='ocrx_word' id='word_1_143' title='bbox 1028 1875 1139 1941; x_wconf 86' lang='lat' dir='ltr'><strong>sensui</strong></span> 
     </span>
     <span class='ocr_line' id='line_1_20' title="bbox 30 1957 1138 2049; baseline 0.004 -30"><span class='ocrx_word' id='word_1_144' title='bbox 30 1959 273 2029; x_wconf 75' lang='lat' dir='ltr'><strong>occumbunt,</strong></span> <span class='ocrx_word' id='word_1_145' title='bbox 309 1959 441 2023; x_wconf 78' lang='lat' dir='ltr'><strong>animur</strong></span> <span class='ocrx_word' id='word_1_146' title='bbox 470 1959 633 2044; x_wconf 78' lang='lat' dir='ltr'><strong>percipite</strong></span> <span class='ocrx_word' id='word_1_147' title='bbox 667 1976 701 2022; x_wconf 88' lang='lat' dir='ltr'><strong>et</strong></span> <span class='ocrx_word' id='word_1_148' title='bbox 733 1963 817 2023; x_wconf 87' lang='lat' dir='ltr'><strong>baec</strong></span> <span class='ocrx_word' id='word_1_149' title='bbox 849 1957 963 2025; x_wconf 85' lang='lat' dir='ltr'><strong>omnia</strong></span> <span class='ocrx_word' id='word_1_150' title='bbox 986 1981 1056 2023; x_wconf 91' lang='lat' dir='ltr'><strong>non</strong></span> <span class='ocrx_word' id='word_1_151' title='bbox 1077 1983 1138 2049; x_wconf 91' lang='lat' dir='ltr'><strong>per</strong></span> 
     </span>
     <span class='ocr_line' id='line_1_21' title="bbox 30 2039 1137 2128; baseline 0.005 -26"><span class='ocrx_word' id='word_1_152' title='bbox 30 2039 184 2125; x_wconf 60' lang='lat' dir='ltr'><strong>idpsum,</strong></span> <span class='ocrx_word' id='word_1_153' title='bbox 217 2041 274 2104; x_wconf 89' lang='lat' dir='ltr'><strong>sed</strong></span> <span class='ocrx_word' id='word_1_154' title='bbox 304 2063 365 2127; x_wconf 86' lang='lat' dir='ltr'><strong>per</strong></span> <span class='ocrx_word' id='word_1_155' title='bbox 388 2064 503 2106; x_wconf 87' lang='lat' dir='ltr'><strong>eorum</strong></span> <span class='ocrx_word' id='word_1_156' title='bbox 524 2041 890 2128; x_wconf 74' lang='lat' dir='ltr'><strong>phantasias-attingit,</strong></span> <span class='ocrx_word' id='word_1_157' title='bbox 922 2063 1003 2128; x_wconf 84' lang='lat' dir='ltr'><strong>quae</strong></span> <span class='ocrx_word' id='word_1_158' title='bbox 1025 2045 1137 2107; x_wconf 87' lang='lat' dir='ltr'><strong>secum</strong></span> 
     </span>
     <span class='ocr_line' id='line_1_22' title="bbox 30 2123 1136 2210; baseline 0.004 -24"><span class='ocrx_word' id='word_1_159' title='bbox 30 2140 171 2188; x_wconf 71' lang='lat' dir='ltr'><strong>tractant</strong></span> <span class='ocrx_word' id='word_1_160' title='bbox 195 2123 292 2186; x_wconf 87' lang='lat' dir='ltr'><strong>suum</strong></span> <span class='ocrx_word' id='word_1_161' title='bbox 312 2123 477 2202; x_wconf 86' lang='lat' dir='ltr'><strong>judicium</strong></span> <span class='ocrx_word' id='word_1_162' title='bbox 501 2123 681 2210; x_wconf 88' lang='lat' dir='ltr'><strong>saepissime</strong></span> <span class='ocrx_word' id='word_1_163' title='bbox 703 2123 808 2189; x_wconf 82' lang='lat' dir='ltr'><strong>fallit:</strong></span> <span class='ocrx_word' id='word_1_164' title='bbox 838 2145 876 2187; x_wconf 88' lang='lat' dir='ltr'><strong>ac</strong></span> <span class='ocrx_word' id='word_1_165' title='bbox 897 2145 958 2210; x_wconf 92' lang='lat' dir='ltr'><strong>per</strong></span> <span class='ocrx_word' id='word_1_166' title='bbox 977 2128 1044 2189; x_wconf 86' lang='lat' dir='ltr'><strong>lroc</strong></span> <span class='ocrx_word' id='word_1_167' title='bbox 1065 2149 1136 2190; x_wconf 89' lang='lat' dir='ltr'><strong>non</strong></span> 
     </span>
     <span class='ocr_line' id='line_1_23' title="bbox 30 2205 1137 2294; baseline 0.002 -23"><span class='ocrx_word' id='word_1_168' title='bbox 30 2209 93 2272; x_wconf 81' lang='lat' dir='ltr'><strong>sine</strong></span> <span class='ocrx_word' id='word_1_169' title='bbox 114 2205 362 2292; x_wconf 83' lang='lat' dir='ltr'><strong>multiplicibue</strong></span> <span class='ocrx_word' id='word_1_170' title='bbox 384 2207 566 2272; x_wconf 80' lang='lat' dir='ltr'><strong>studiorum</strong></span> <span class='ocrx_word' id='word_1_171' title='bbox 587 2205 757 2276; x_wconf 72' lang='lat' dir='ltr'><strong>laboribus</strong></span> <span class='ocrx_word' id='word_1_172' title='bbox 779 2225 863 2294; x_wconf 86' lang='lat' dir='ltr'><strong>quot</strong></span> <span class='ocrx_word' id='word_1_173' title='bbox 876 2227 1051 2282; x_wconf 80' lang='lat' dir='ltr'><strong>aerumnae</strong></span> <span class='ocrx_word' id='word_1_174' title='bbox 1063 2233 1137 2272; x_wconf 89' lang='lat' dir='ltr'><strong>mu·</strong></span> 
     </span>
     <span class='ocr_line' id='line_1_24' title="bbox 30 2289 1137 2378; baseline 0.003 -24"><span class='ocrx_word' id='word_1_175' title='bbox 30 2291 116 2354; x_wconf 85' lang='lat' dir='ltr'><strong>lierie</strong></span> <span class='ocrx_word' id='word_1_176' title='bbox 136 2291 299 2376; x_wconf 84' lang='lat' dir='ltr'><strong>scriptura</strong></span> <span class='ocrx_word' id='word_1_177' title='bbox 319 2291 491 2364; x_wconf 86' lang='lat' dir='ltr'><strong>nominat,</strong></span> <span class='ocrx_word' id='word_1_178' title='bbox 515 2293 556 2354; x_wconf 87' lang='lat' dir='ltr'><strong>ad</strong></span> <span class='ocrx_word' id='word_1_179' title='bbox 582 2289 787 2376; x_wconf 79' lang='lat' dir='ltr'><strong>multiplicet</strong></span> <span class='ocrx_word' id='word_1_180' title='bbox 810 2306 1012 2378; x_wconf 66' lang='lat' dir='ltr'><strong>coriceptua,</strong></span> <span class='ocrx_word' id='word_1_181' title='bbox 1035 2292 1070 2356; x_wconf 89' lang='lat' dir='ltr'><strong>id</strong></span> <span class='ocrx_word' id='word_1_182' title='bbox 1093 2293 1137 2357; x_wconf 84' lang='lat' dir='ltr'><strong>esi</strong></span> 
     </span>
     <span class='ocr_line' id='line_1_25' title="bbox 30 2369 1150 2460; baseline 0 -22"><span class='ocrx_word' id='word_1_183' title='bbox 30 2379 68 2438; x_wconf 84' lang='lat' dir='ltr'><strong>ad</strong></span> <span class='ocrx_word' id='word_1_184' title='bbox 99 2374 335 2440; x_wconf 80' lang='lat' dir='ltr'><strong>incboitiouer</strong></span> <span class='ocrx_word' id='word_1_185' title='bbox 363 2371 631 2460; x_wconf 84' lang='lat' dir='ltr'><strong>intelligibilium</strong></span> <span class='ocrx_word' id='word_1_186' title='bbox 663 2394 775 2438; x_wconf 85' lang='lat' dir='ltr'><strong>rerum</strong></span> <span class='ocrx_word' id='word_1_187' title='bbox 797 2369 1060 2459; x_wconf 85' lang='lat' dir='ltr'><strong>intelligentiae,</strong></span> <span class='ocrx_word' id='word_1_188' title='bbox 1091 2373 1150 2438; x_wconf 53' lang='grc' dir='ltr'><strong>ιιι(</strong></span> 
     </span>
     <span class='ocr_line' id='line_1_26' title="bbox 31 2454 1137 2544; baseline 0.002 -24"><span class='ocrx_word' id='word_1_189' title='bbox 31 2479 92 2544; x_wconf 80' lang='lat' dir='ltr'><strong>que</strong></span> <span class='ocrx_word' id='word_1_190' title='bbox 113 2457 220 2533; x_wconf 84' lang='lat' dir='ltr'><strong>filior,</strong></span> <span class='ocrx_word' id='word_1_191' title='bbox 250 2461 316 2522; x_wconf 86' lang='lat' dir='ltr'><strong>hoe</strong></span> <span class='ocrx_word' id='word_1_192' title='bbox 338 2459 382 2522; x_wconf 89' lang='lat' dir='ltr'><strong>cst</strong></span> <span class='ocrx_word' id='word_1_193' title='bbox 408 2454 703 2532; x_wconf 66' lang='lat' dir='ltr'><strong>recusationes,</strong></span> <span class='ocrx_word' id='word_1_194' title='bbox 727 2461 769 2520; x_wconf 86' lang='lat' dir='ltr'><strong>de</strong></span> <span class='ocrx_word' id='word_1_195' title='bbox 789 2471 909 2518; x_wconf 89' lang='lat' dir='ltr'><strong>natura</strong></span> <span class='ocrx_word' id='word_1_196' title='bbox 927 2477 1039 2521; x_wconf 87' lang='lat' dir='ltr'><strong>rerum</strong></span> <span class='ocrx_word' id='word_1_197' title='bbox 1061 2481 1137 2542; x_wconf 90' lang='lat' dir='ltr'><strong>pro-</strong></span> 
     </span>
     <span class='ocr_line' id='line_1_27' title="bbox 31 2539 1137 2628; baseline 0.002 -22"><span class='ocrx_word' id='word_1_198' title='bbox 31 2545 189 2606; x_wconf 80' lang='lat' dir='ltr'><strong>creandae</strong></span> <span class='ocrx_word' id='word_1_199' title='bbox 210 2563 271 2628; x_wconf 91' lang='lat' dir='ltr'><strong>per</strong></span> <span class='ocrx_word' id='word_1_200' title='bbox 292 2547 438 2608; x_wconf 85' lang='lat' dir='ltr'><strong>eundem</strong></span> <span class='ocrx_word' id='word_1_201' title='bbox 460 2542 590 2606; x_wconf 88' lang='lat' dir='ltr'><strong>sensum</strong></span> <span class='ocrx_word' id='word_1_202' title='bbox 610 2540 717 2628; x_wconf 82' lang='lat' dir='ltr'><strong>potest</strong></span> <span class='ocrx_word' id='word_1_203' title='bbox 736 2539 924 2626; x_wconf 86' lang='lat' dir='ltr'><strong>pervenire.</strong></span> <span class='ocrx_word' id='word_1_204' title='bbox 954 2543 1137 2626; x_wconf 85' lang='lat' dir='ltr'><strong>Propterea</strong></span> 
     </span>
     <span class='ocr_line' id='line_1_28' title="bbox 31 2621 1136 2710; baseline 0.001 -21"><span class='ocrx_word' id='word_1_205' title='bbox 31 2643 138 2690; x_wconf 84' lang='lat' dir='ltr'><strong>autern</strong></span> <span class='ocrx_word' id='word_1_206' title='bbox 161 2645 354 2700; x_wconf 83' lang='lat' dir='ltr'><strong>aerumnae,</strong></span> <span class='ocrx_word' id='word_1_207' title='bbox 379 2641 414 2689; x_wconf 88' lang='lat' dir='ltr'><strong>et</strong></span> <span class='ocrx_word' id='word_1_208' title='bbox 435 2641 638 2710; x_wconf 80' lang='lat' dir='ltr'><strong>conceptue,</strong></span> <span class='ocrx_word' id='word_1_209' title='bbox 671 2623 827 2710; x_wconf 79' lang='lat' dir='ltr'><strong>filiosque</strong></span> <span class='ocrx_word' id='word_1_210' title='bbox 848 2621 1006 2688; x_wconf 84' lang='lat' dir='ltr'><strong>exteriori</strong></span> <span class='ocrx_word' id='word_1_211' title='bbox 1027 2626 1136 2690; x_wconf 85' lang='lat' dir='ltr'><strong>sensui</strong></span> 
     </span>
     <span class='ocr_line' id='line_1_29' title="bbox 31 2705 1136 2793; baseline -0.002 -20"><span class='ocrx_word' id='word_1_212' title='bbox 31 2708 144 2774; x_wconf 78' lang='lat' dir='ltr'><strong>divina</strong></span> <span class='ocrx_word' id='word_1_213' title='bbox 167 2712 306 2793; x_wconf 82' lang='lat' dir='ltr'><strong>deputat</strong></span> <span class='ocrx_word' id='word_1_214' title='bbox 327 2708 526 2778; x_wconf 72' lang='lat' dir='ltr'><strong>auctoritas,</strong></span> <span class='ocrx_word' id='word_1_215' title='bbox 550 2729 654 2792; x_wconf 85' lang='lat' dir='ltr'><strong>quum</strong></span> <span class='ocrx_word' id='word_1_216' title='bbox 673 2727 774 2770; x_wconf 87' lang='lat' dir='ltr'><strong>omne</strong></span> <span class='ocrx_word' id='word_1_217' title='bbox 792 2705 935 2770; x_wconf 82' lang='lat' dir='ltr'><strong>studium</strong></span> <span class='ocrx_word' id='word_1_218' title='bbox 953 2707 1136 2792; x_wconf 84' lang='lat' dir='ltr'><strong>sapientiae</strong></span> 
     </span>
     <span class='ocr_line' id='line_1_30' title="bbox 31 2789 1136 2886; baseline -0.004 -28"><span class='ocrx_word' id='word_1_219' title='bbox 31 2791 205 2876; x_wconf 70' lang='lat' dir='ltr'><strong>omnisque</strong></span> <span class='ocrx_word' id='word_1_220' title='bbox 236 2791 360 2854; x_wconf 79' lang='lat' dir='ltr'><strong>mentio</strong></span> <span class='ocrx_word' id='word_1_221' title='bbox 390 2789 571 2886; x_wconf 89' lang='lat' dir='ltr'><strong>conceptio</strong></span> <span class='ocrx_word' id='word_1_222' title='bbox 598 2811 752 2879; x_wconf 84' lang='lat' dir='ltr'><strong>puroque</strong></span> <span class='ocrx_word' id='word_1_223' title='bbox 768 2789 920 2852; x_wconf 85' lang='lat' dir='ltr'><strong>veritatia</strong></span> <span class='ocrx_word' id='word_1_224' title='bbox 942 2791 1094 2875; x_wconf 85' lang='lat' dir='ltr'><strong>cognitio</strong></span> <span class='ocrx_word' id='word_1_225' title='bbox 1118 2813 1136 2854; x_wconf 84' lang='lat' dir='ltr'><strong>a</strong></span> 
     </span>
     <span class='ocr_line' id='line_1_31' title="bbox 31 2871 1136 2959; baseline -0.001 -20"><span class='ocrx_word' id='word_1_226' title='bbox 31 2877 172 2945; x_wconf 74' lang='lat' dir='ltr'><strong>sensibus</strong></span> <span class='ocrx_word' id='word_1_227' title='bbox 202 2873 352 2959; x_wconf 77' lang='lat' dir='ltr'><strong>corporis</strong></span> <span class='ocrx_word' id='word_1_228' title='bbox 381 2871 568 2958; x_wconf 76' lang='lat' dir='ltr'><strong>auspicium</strong></span> <span class='ocrx_word' id='word_1_229' title='bbox 601 2873 758 2947; x_wconf 82' lang='lat' dir='ltr'><strong>sumunt,</strong></span> <span class='ocrx_word' id='word_1_230' title='bbox 794 2875 833 2935; x_wconf 88' lang='lat' dir='ltr'><strong>ab</strong></span> <span class='ocrx_word' id='word_1_231' title='bbox 855 2871 1136 2938; x_wconf 79' lang='lat' dir='ltr'><strong>inferioribus&#39;atl</strong></span> 
     </span>
     <span class='ocr_line' id='line_1_32' title="bbox 31 2955 1136 3044; baseline 0 -22"><span class='ocrx_word' id='word_1_232' title='bbox 31 2957 196 3044; x_wconf 89' lang='lat' dir='ltr'><strong>superiora</strong></span> <span class='ocrx_word' id='word_1_233' title='bbox 218 2971 253 3020; x_wconf 87' lang='lat' dir='ltr'><strong>et</strong></span> <span class='ocrx_word' id='word_1_234' title='bbox 274 2959 314 3019; x_wconf 87' lang='lat' dir='ltr'><strong>ab</strong></span> <span class='ocrx_word' id='word_1_235' title='bbox 337 2955 557 3020; x_wconf 77' lang='lat' dir='ltr'><strong>exterioribus</strong></span> <span class='ocrx_word' id='word_1_236' title='bbox 579 2956 620 3016; x_wconf 87' lang='lat' dir='ltr'><strong>ad</strong></span> <span class='ocrx_word' id='word_1_237' title='bbox 643 2955 804 3027; x_wconf 80' lang='lat' dir='ltr'><strong>interiora</strong></span> <span class='ocrx_word' id='word_1_238' title='bbox 825 2955 963 3018; x_wconf 83' lang='lat' dir='ltr'><strong>ratione·</strong></span> <span class='ocrx_word' id='word_1_239' title='bbox 994 2957 1136 3022; x_wconf 84' lang='lat' dir='ltr'><strong>radatim</strong></span> 
     </span>
     <span class='ocr_line' id='line_1_33' title="bbox 32 3035 1134 3184; baseline -0.001 -78"><span class='ocrx_word' id='word_1_240' title='bbox 32 3043 240 3106; x_wconf 86' lang='lat' dir='ltr'><strong>ascendente.</strong></span> <span class='ocrx_word' id='word_1_241' title='bbox 283 3041 332 3103; x_wconf 87' lang='lat' dir='ltr'><strong>Et</strong></span> <span class='ocrx_word' id='word_1_242' title='bbox 351 3035 429 3130; x_wconf 55' lang='lat' dir='ltr'><strong>sub»</strong></span> <span class='ocrx_word' id='word_1_243' title='bbox 444 3041 511 3102; x_wconf 84' lang='lat' dir='ltr'><strong>oiri</strong></span> <span class='ocrx_word' id='word_1_244' title='bbox 529 3037 697 3184; x_wconf 51' lang='lat' dir='ltr'><strong>pote&#39;siate</strong></span> <span class='ocrx_word' id='word_1_245' title='bbox 717 3043 783 3102; x_wconf 82' lang='lat' dir='ltr'><strong>eris</strong></span> <span class='ocrx_word' id='word_1_246' title='bbox 807 3051 839 3100; x_wconf 82' lang='lat' dir='ltr'><strong>rt</strong></span> <span class='ocrx_word' id='word_1_247' title='bbox 863 3037 934 3132; x_wconf 74' lang='lat' dir='ltr'><strong>ipse</strong></span> <span class='ocrx_word' id='word_1_248' title='bbox 1000 3043 1134 3105; x_wconf 65' lang='lat' dir='ltr'><strong>adnubi-</strong></span> 
     </span>
     <span class='ocr_line' id='line_1_34' title="bbox 32 3121 1189 3192; baseline -0.002 -1"><span class='ocrx_word' id='word_1_249' title='bbox 32 3141 85 3192; x_wconf 85' lang='lat' dir='ltr'><strong>tur</strong></span> <span class='ocrx_word' id='word_1_250' title='bbox 112 3127 171 3188; x_wconf 80' lang='lat' dir='ltr'><strong>rut.</strong></span> <span class='ocrx_word' id='word_1_251' title='bbox 212 3127 251 3186; x_wconf 91' lang='lat' dir='ltr'><strong>ln</strong></span> <span class='ocrx_word' id='word_1_252' title='bbox 282 3126 349 3186; x_wconf 89' lang='lat' dir='ltr'><strong>hoc</strong></span> <span class='ocrx_word' id='word_1_253' title='bbox 377 3124 454 3186; x_wconf 92' lang='lat' dir='ltr'><strong>loco</strong></span> <span class='ocrx_word' id='word_1_254' title='bbox 476 3137 594 3185; x_wconf 89' lang='lat' dir='ltr'><strong>natura</strong></span> <span class='ocrx_word' id='word_1_255' title='bbox 610 3125 637 3186; x_wconf 80' lang='lat' dir='ltr'><strong>ir</strong></span> <span class='ocrx_word' id='word_1_256' title='bbox 658 3121 786 3186; x_wconf 87' lang='lat' dir='ltr'><strong>ordinie</strong></span> <span class='ocrx_word' id='word_1_257' title='bbox 807 3123 976 3186; x_wconf 87' lang='lat' dir='ltr'><strong>hnmanae</strong></span> <span class='ocrx_word' id='word_1_258' title='bbox 995 3139 1135 3188; x_wconf 82' lang='lat' dir='ltr'><strong>naturae</strong></span> <span class='ocrx_word' id='word_1_259' title='bbox 1182 3159 1189 3168; x_wconf 95' lang='lat'>-</span> 
     </span>
     <span class='ocr_line' id='line_1_35' title="bbox 32 3203 1136 3292; baseline 0.001 -20"><span class='ocrx_word' id='word_1_260' title='bbox 32 3207 190 3273; x_wconf 85' lang='lat' dir='ltr'><strong>restitutio</strong></span> <span class='ocrx_word' id='word_1_261' title='bbox 220 3205 341 3272; x_wconf 85' lang='lat' dir='ltr'><strong>divina</strong></span> <span class='ocrx_word' id='word_1_262' title='bbox 368 3225 453 3270; x_wconf 79' lang='lat' dir='ltr'><strong>voce</strong></span> <span class='ocrx_word' id='word_1_263' title='bbox 473 3205 685 3291; x_wconf 88' lang='lat' dir='ltr'><strong>promittitur</strong></span> <span class='ocrx_word' id='word_1_264' title='bbox 705 3222 739 3270; x_wconf 89' lang='lat' dir='ltr'><strong>et</strong></span> <span class='ocrx_word' id='word_1_265' title='bbox 759 3205 796 3268; x_wconf 87' lang='lat' dir='ltr'><strong>in</strong></span> <span class='ocrx_word' id='word_1_266' title='bbox 819 3203 997 3292; x_wconf 84' lang='lat' dir='ltr'><strong>antiquum</strong></span> <span class='ocrx_word' id='word_1_267' title='bbox 1016 3208 1136 3274; x_wconf 85' lang='lat' dir='ltr'><strong>statum</strong></span> 
     </span>
    </p>
   </div>
   <div class='ocr_carea' id='block_1_4' title="bbox 33 3288 1323 3374">
    <p class='ocr_par' dir='ltr' id='par_1_4' title="bbox 33 3288 1323 3374">
     <span class='ocr_line' id='line_1_36' title="bbox 33 3288 1323 3374; baseline -0.006 -14"><span class='ocrx_word' id='word_1_268' title='bbox 33 3288 235 3360; x_wconf 83' lang='lat' dir='ltr'><strong>conditionie</strong></span> <span class='ocrx_word' id='word_1_269' title='bbox 254 3290 409 3354; x_wconf 82' lang='lat' dir='ltr'><strong>reversio.</strong></span> <span class='ocrx_word' id='word_1_270' title='bbox 453 3291 546 3354; x_wconf 84' lang='lat' dir='ltr'><strong>Orrlo</strong></span> <span class='ocrx_word' id='word_1_271' title='bbox 567 3289 728 3374; x_wconf 80' lang='lat' dir='ltr'><strong>liquidem</strong></span> <span class='ocrx_word' id='word_1_272' title='bbox 749 3289 910 3374; x_wconf 69' lang='lat' dir='ltr'><strong>naturalip</strong></span> <span class='ocrx_word' id='word_1_273' title='bbox 933 3292 1011 3355; x_wconf 87' lang='lat' dir='ltr'><strong>esset</strong></span> <span class='ocrx_word' id='word_1_274' title='bbox 1029 3291 1135 3356; x_wconf 88' lang='lat' dir='ltr'><strong>fiani·</strong></span> <span class='ocrx_word' id='word_1_275' title='bbox 1238 3335 1244 3345; x_wconf 84' lang='lat'><em>-</em></span> <span class='ocrx_word' id='word_1_276' title='bbox 1318 3333 1323 3344; x_wconf 82' lang='lat'>·</span> 
     </span>
    </p>
   </div>
   <div class='ocr_carea' id='block_1_5' title="bbox 34 3371 1158 4200">
    <p class='ocr_par' dir='ltr' id='par_1_5' title="bbox 34 3371 1158 4200">
     <span class='ocr_line' id='line_1_37' title="bbox 35 3371 1158 3460; baseline -0.001 -20"><span class='ocrx_word' id='word_1_277' title='bbox 35 3397 106 3440; x_wconf 80' lang='lat' dir='ltr'><strong>mut</strong></span> <span class='ocrx_word' id='word_1_278' title='bbox 127 3375 174 3438; x_wconf 88' lang='lat' dir='ltr'><strong>sui</strong></span> <span class='ocrx_word' id='word_1_279' title='bbox 195 3373 353 3438; x_wconf 80' lang='lat' dir='ltr'><strong>creatoris</strong></span> <span class='ocrx_word' id='word_1_280' title='bbox 400 3371 528 3437; x_wconf 83' lang='lat' dir='ltr'><strong>oteslati</strong></span> <span class='ocrx_word' id='word_1_281' title='bbox 549 3372 701 3437; x_wconf 77' lang='lat' dir='ltr'><strong>subditur</strong></span> <span class='ocrx_word' id='word_1_282' title='bbox 723 3373 1000 3460; x_wconf 80' lang='lat' dir='ltr'><strong>atqueobedienr</strong></span> <span class='ocrx_word' id='word_1_283' title='bbox 1016 3379 1158 3453; x_wconf 71' lang='lat' dir='ltr'><strong>adlice,</strong></span> 
     </span>
     <span class='ocr_line' id='line_1_38' title="bbox 34 3455 1136 3542; baseline 0 -20"><span class='ocrx_word' id='word_1_284' title='bbox 34 3475 131 3522; x_wconf 87' lang='lat' dir='ltr'><strong>reret:</strong></span> <span class='ocrx_word' id='word_1_285' title='bbox 160 3457 283 3522; x_wconf 86' lang='lat' dir='ltr'><strong>deinde</strong></span> <span class='ocrx_word' id='word_1_286' title='bbox 303 3457 361 3520; x_wconf 88' lang='lat' dir='ltr'><strong>sen</strong></span> <span class='ocrx_word' id='word_1_287' title='bbox 377 3477 416 3521; x_wconf 83' lang='lat' dir='ltr'><strong>ue</strong></span> <span class='ocrx_word' id='word_1_288' title='bbox 436 3455 629 3542; x_wconf 86' lang='lat' dir='ltr'><strong>poteslatem</strong></span> <span class='ocrx_word' id='word_1_289' title='bbox 652 3472 842 3542; x_wconf 84' lang='lat' dir='ltr'><strong>nutumque</strong></span> <span class='ocrx_word' id='word_1_290' title='bbox 869 3455 974 3523; x_wconf 88' lang='lat' dir='ltr'><strong>animi</strong></span> <span class='ocrx_word' id='word_1_291' title='bbox 990 3459 1136 3524; x_wconf 89' lang='lat' dir='ltr'><strong>libenter</strong></span> 
     </span>
     <span class='ocr_line' id='line_1_39' title="bbox 38 3540 1135 3626; baseline 0.002 -22"><span class='ocrx_word' id='word_1_292' title='bbox 38 3545 234 3626; x_wconf 79' lang='lat' dir='ltr'><strong>sequeretur,</strong></span> <span class='ocrx_word' id='word_1_293' title='bbox 273 3559 396 3626; x_wconf 79' lang='lat' dir='ltr'><strong>corpur</strong></span> <span class='ocrx_word' id='word_1_294' title='bbox 418 3557 531 3604; x_wconf 86' lang='lat' dir='ltr'><strong>autem</strong></span> <span class='ocrx_word' id='word_1_295' title='bbox 553 3540 663 3604; x_wconf 81' lang='lat' dir='ltr'><strong>sensui</strong></span> <span class='ocrx_word' id='word_1_296' title='bbox 683 3541 924 3624; x_wconf 77' lang='lat' dir='ltr'><strong>succumberet.</strong></span> <span class='ocrx_word' id='word_1_297' title='bbox 967 3541 1023 3608; x_wconf 87' lang='lat' dir='ltr'><strong>Sio</strong></span> <span class='ocrx_word' id='word_1_298' title='bbox 1043 3567 1135 3607; x_wconf 86' lang='lat' dir='ltr'><strong>nam·</strong></span> 
     </span>
     <span class='ocr_line' id='line_1_40' title="bbox 36 3621 1157 3712; baseline 0.006 -27"><span class='ocrx_word' id='word_1_299' title='bbox 36 3645 98 3712; x_wconf 90' lang='lat' dir='ltr'><strong>que</strong></span> <span class='ocrx_word' id='word_1_300' title='bbox 116 3645 176 3708; x_wconf 86' lang='lat' dir='ltr'><strong>pax</strong></span> <span class='ocrx_word' id='word_1_301' title='bbox 197 3639 231 3688; x_wconf 91' lang='lat' dir='ltr'><strong>et</strong></span> <span class='ocrx_word' id='word_1_302' title='bbox 249 3621 425 3688; x_wconf 88' lang='lat' dir='ltr'><strong>harmonia</strong></span> <span class='ocrx_word' id='word_1_303' title='bbox 445 3622 546 3710; x_wconf 84' lang='lat' dir='ltr'><strong>ipsrue</strong></span> <span class='ocrx_word' id='word_1_304' title='bbox 569 3639 757 3700; x_wconf 76' lang='lat' dir='ltr'><strong>creaturae,</strong></span> <span class='ocrx_word' id='word_1_305' title='bbox 781 3637 815 3690; x_wconf 86' lang='lat' dir='ltr'><strong>et</strong></span> <span class='ocrx_word' id='word_1_306' title='bbox 835 3623 870 3688; x_wconf 92' lang='lat' dir='ltr'><strong>in</strong></span> <span class='ocrx_word' id='word_1_307' title='bbox 890 3623 993 3712; x_wconf 88' lang='lat' dir='ltr'><strong>seipsa</strong></span> <span class='ocrx_word' id='word_1_308' title='bbox 1009 3641 1135 3692; x_wconf 88' lang='lat' dir='ltr'><strong>etcum</strong></span> <span class='ocrx_word' id='word_1_309' title='bbox 1153 3689 1157 3705; x_wconf 75' lang='grc'><strong>,</strong></span> 
     </span>
     <span class='ocr_line' id='line_1_41' title="bbox 37 3705 1134 3796; baseline 0 -23"><span class='ocrx_word' id='word_1_310' title='bbox 37 3720 175 3773; x_wconf 86' lang='lat' dir='ltr'><strong>creatore</strong></span> <span class='ocrx_word' id='word_1_311' title='bbox 195 3707 255 3772; x_wconf 88' lang='lat' dir='ltr'><strong>suo</strong></span> <span class='ocrx_word' id='word_1_312' title='bbox 277 3705 382 3774; x_wconf 83' lang='lat' dir='ltr'><strong>lieret.</strong></span> <span class='ocrx_word' id='word_1_313' title='bbox 425 3709 497 3772; x_wconf 84' lang='lat' dir='ltr'><strong>Iam</strong></span> <span class='ocrx_word' id='word_1_314' title='bbox 516 3727 599 3773; x_wconf 84' lang='lat' dir='ltr'><strong>vero</strong></span> <span class='ocrx_word' id='word_1_315' title='bbox 620 3707 693 3796; x_wconf 79' lang='lat' dir='ltr'><strong>post</strong></span> <span class='ocrx_word' id='word_1_316' title='bbox 714 3707 1002 3794; x_wconf 74' lang='lat' dir='ltr'><strong>transgressionem</strong></span> <span class='ocrx_word' id='word_1_317' title='bbox 1024 3710 1134 3774; x_wconf 80' lang='lat' dir='ltr'><strong>divini</strong></span> 
     </span>
     <span class='ocr_line' id='line_1_42' title="bbox 37 3787 1135 3878; baseline 0 -22"><span class='ocrx_word' id='word_1_318' title='bbox 37 3787 178 3856; x_wconf 90' lang='lat' dir='ltr'><strong>mandati</strong></span> <span class='ocrx_word' id='word_1_319' title='bbox 205 3788 281 3855; x_wconf 77' lang='lat' dir='ltr'><strong>talis</strong></span> <span class='ocrx_word' id='word_1_320' title='bbox 316 3793 400 3857; x_wconf 83' lang='lat' dir='ltr'><strong>ordo</strong></span> <span class='ocrx_word' id='word_1_321' title='bbox 429 3793 473 3856; x_wconf 85' lang='lat' dir='ltr'><strong>ad</strong></span> <span class='ocrx_word' id='word_1_322' title='bbox 505 3813 607 3878; x_wconf 88' lang='lat' dir='ltr'><strong>quem</strong></span> <span class='ocrx_word' id='word_1_323' title='bbox 634 3791 900 3858; x_wconf 87' lang='lat' dir='ltr'><strong>conservandum</strong></span> <span class='ocrx_word' id='word_1_324' title='bbox 929 3809 1058 3859; x_wconf 79' lang='lat' dir='ltr'><strong>creatur</strong></span> <span class='ocrx_word' id='word_1_325' title='bbox 1091 3795 1135 3858; x_wconf 75' lang='lat' dir='ltr'><strong>est</strong></span> 
     </span>
     <span class='ocr_line' id='line_1_43' title="bbox 37 3871 1135 3965; baseline 0.001 -26"><span class='ocrx_word' id='word_1_326' title='bbox 37 3879 150 3948; x_wconf 84' lang='lat' dir='ltr'><strong>homo,</strong></span> <span class='ocrx_word' id='word_1_327' title='bbox 169 3871 326 3960; x_wconf 67' lang='lat' dir='ltr'><strong>‘tulitque</strong></span> <span class='ocrx_word' id='word_1_328' title='bbox 379 3897 419 3940; x_wconf 86' lang='lat' dir='ltr'><strong>ax</strong></span> <span class='ocrx_word' id='word_1_329' title='bbox 448 3889 485 3938; x_wconf 83' lang='lat' dir='ltr'><strong>et</strong></span> <span class='ocrx_word' id='word_1_330' title='bbox 503 3875 618 3940; x_wconf 80' lang='lat' dir='ltr'><strong>unitae</strong></span> <span class='ocrx_word' id='word_1_331' title='bbox 638 3875 796 3942; x_wconf 72' lang='lat' dir='ltr'><strong>creatoris</strong></span> <span class='ocrx_word' id='word_1_332' title='bbox 818 3889 853 3940; x_wconf 85' lang='lat' dir='ltr'><strong>et</strong></span> <span class='ocrx_word' id='word_1_333' title='bbox 873 3889 1042 3942; x_wconf 86' lang='lat' dir='ltr'><strong>creatorae</strong></span> <span class='ocrx_word' id='word_1_334' title='bbox 1061 3891 1135 3965; x_wconf 87' lang='lat' dir='ltr'><strong>per-</strong></span> 
     </span>
     <span class='ocr_line' id='line_1_44' title="bbox 40 3957 1135 4048; baseline 0.003 -25"><span class='ocrx_word' id='word_1_335' title='bbox 40 3960 199 4023; x_wconf 84' lang='lat' dir='ltr'><strong>turbator:</strong></span> <span class='ocrx_word' id='word_1_336' title='bbox 219 3959 322 4024; x_wconf 86' lang='lat' dir='ltr'><strong>bomo</strong></span> <span class='ocrx_word' id='word_1_337' title='bbox 390 3957 506 4024; x_wconf 82' lang='lat' dir='ltr'><strong>uidem</strong></span> <span class='ocrx_word' id='word_1_338' title='bbox 527 3961 647 4048; x_wconf 89' lang='lat' dir='ltr'><strong>sponte</strong></span> <span class='ocrx_word' id='word_1_339' title='bbox 664 3960 745 4035; x_wconf 85' lang='lat' dir='ltr'><strong>sua,</strong></span> <span class='ocrx_word' id='word_1_340' title='bbox 773 3961 867 4025; x_wconf 84' lang='lat' dir='ltr'><strong>nulla</strong></span> <span class='ocrx_word' id='word_1_341' title='bbox 889 3961 1062 4028; x_wconf 85' lang='lat' dir='ltr'><strong>occasione</strong></span> <span class='ocrx_word' id='word_1_342' title='bbox 1081 3983 1135 4027; x_wconf 87' lang='lat' dir='ltr'><strong>co·</strong></span> 
     </span>
     <span class='ocr_line' id='line_1_45' title="bbox 41 3979 1134 4190; baseline 0.002 -84"><span class='ocrx_word' id='word_1_343' title='bbox 41 4057 150 4190; x_wconf 54' lang='lat' dir='ltr'><strong>pente,</strong></span> <span class='ocrx_word' id='word_1_344' title='bbox 179 4059 289 4104; x_wconf 83' lang='lat' dir='ltr'><strong>rerum</strong></span> <span class='ocrx_word' id='word_1_345' title='bbox 320 3979 522 4108; x_wconf 72' lang='lat' dir='ltr'><strong>lenbbsslum</strong></span> <span class='ocrx_word' id='word_1_346' title='bbox 543 4055 658 4109; x_wconf 76' lang='lat' dir='ltr'><strong>amore</strong></span> <span class='ocrx_word' id='word_1_347' title='bbox 678 4057 874 4132; x_wconf 72' lang='lat' dir='ltr'><strong>corruptus,</strong></span> <span class='ocrx_word' id='word_1_348' title='bbox 906 4047 1018 4110; x_wconf 87' lang='lat' dir='ltr'><strong>Deum</strong></span> <span class='ocrx_word' id='word_1_349' title='bbox 1038 4046 1134 4108; x_wconf 85' lang='lat' dir='ltr'><strong>suum</strong></span> 
     </span>
     <span class='ocr_line' id='line_1_46' title="bbox 62 4121 1131 4200; baseline 0 -10"><span class='ocrx_word' id='word_1_350' title='bbox 62 4123 193 4200; x_wconf 76' lang='lat' dir='ltr'><strong>tscruit3</strong></span> <span class='ocrx_word' id='word_1_351' title='bbox 230 4121 286 4188; x_wconf 85' lang='lat' dir='ltr'><strong>cui</strong></span> <span class='ocrx_word' id='word_1_352' title='bbox 307 4129 484 4194; x_wconf 84' lang='lat' dir='ltr'><strong>adhaerere</strong></span> <span class='ocrx_word' id='word_1_353' title='bbox 504 4127 611 4194; x_wconf 81' lang='lat' dir='ltr'><strong>salum</strong></span> <span class='ocrx_word' id='word_1_354' title='bbox 633 4131 761 4194; x_wconf 83' lang='lat' dir='ltr'><strong>benum</strong></span> <span class='ocrx_word' id='word_1_355' title='bbox 785 4127 828 4191; x_wconf 84' lang='lat' dir='ltr'><strong>est</strong></span> <span class='ocrx_word' id='word_1_356' title='bbox 847 4129 1014 4193; x_wconf 85' lang='lat' dir='ltr'><strong>humanae</strong></span> <span class='ocrx_word' id='word_1_357' title='bbox 1037 4145 1131 4192; x_wconf 83' lang='lat' dir='ltr'><strong>netu·</strong></span> 
     </span>
    </p>
   </div>
   <div class='ocr_carea' id='block_1_6' title="bbox 44 4205 1134 4398">
    <p class='ocr_par' dir='ltr' id='par_1_6' title="bbox 44 4205 1134 4398">
     <span class='ocr_line' id='line_1_47' title="bbox 44 4205 1134 4304; baseline -0.003 -30"><span class='ocrx_word' id='word_1_358' title='bbox 44 4231 94 4276; x_wconf 86' lang='lat' dir='ltr'><strong>rae</strong></span> <span class='ocrx_word' id='word_1_359' title='bbox 113 4224 144 4276; x_wconf 88' lang='lat' dir='ltr'><strong>et</strong></span> <span class='ocrx_word' id='word_1_360' title='bbox 161 4227 231 4275; x_wconf 79' lang='lat' dir='ltr'><strong>nou</strong></span> <span class='ocrx_word' id='word_1_361' title='bbox 254 4205 355 4275; x_wconf 84' lang='lat' dir='ltr'><strong>aliud.</strong></span> <span class='ocrx_word' id='word_1_362' title='bbox 396 4214 545 4300; x_wconf 84' lang='lat' dir='ltr'><strong>Ideoque</strong></span> <span class='ocrx_word' id='word_1_363' title='bbox 564 4216 657 4278; x_wconf 82' lang='lat' dir='ltr'><strong>Deru</strong></span> <span class='ocrx_word' id='word_1_364' title='bbox 679 4209 874 4304; x_wconf 74' lang='lat' dir='ltr'><strong>snperbiam¹</strong></span> <span class='ocrx_word' id='word_1_365' title='bbox 887 4213 1054 4282; x_wconf 78' lang='lat' dir='ltr'><strong>humanae</strong></span> <span class='ocrx_word' id='word_1_366' title='bbox 1075 4231 1134 4278; x_wconf 57' lang='lat' dir='ltr'><strong>nat</strong></span> 
     </span>
     <span class='ocr_line' id='line_1_48' title="bbox 648 4332 731 4398; baseline 0 0"><span class='ocrx_word' id='word_1_367' title='bbox 648 4333 691 4398; x_wconf 69' lang='lat'><strong>27</strong></span> <span class='ocrx_word' id='word_1_368' title='bbox 714 4332 731 4368; x_wconf 85' lang='grc'>*</span> 
     </span>
    </p>
   </div>
   <div class='ocr_carea' id='block_1_7' title="bbox 0 0 1490 4826">
    <p class='ocr_par' dir='ltr' id='par_1_7' title="bbox 0 0 1490 4826">
     <span class='ocr_line' id='line_1_49' title="bbox 0 0 1490 4826; baseline 0 0"><span class='ocrx_word' id='word_1_369' title='bbox 0 0 1490 4826; x_wconf 95' lang='lat' dir='ltr'><strong> </strong></span> 
     </span>
    </p>
   </div>
  </div>
 </body>
</html>
