3036 4862
316 255 402 330 880
435 299 442 313 ι
650 257 706 329 sle
725 257 906 330 maone
925 257 1106 331 Nostana:

203 491 205 502 .
319 446 385 510 Sed
403 439 545 532 ¹sortuslia
566 441 642 528 quia
663 441 807 522 dixerit,
827 443 936 533 magia
955 445 1019 512 alla
1043 441 1189 518 oriaare,
1212 459 1317 530 quam
1332 463 1439 532 para·

319 528 427 592 disum
449 529 655 612 corporalem
676 549 798 614 negare
818 527 964 610 videtur.
1044 549 1097 591 am
1118 526 1142 591 fi
1162 528 1374 613 corporalem
1400 545 1441 593 et

317 612 457 676 localem
486 609 675 697 paradisum
702 631 775 676 non
797 611 994 678 existimaret
1015 611 1094 677 esser
1134 629 1206 674 non
1228 609 1370 676 sortaslia
1394 611 1438 676 in

316 694 468 794 processu
491 691 632 779 praefati
655 694 764 780 operia
785 695 857 794 post
879 693 1060 781 spiritualia
1081 692 1243 781 paradisi,
1279 693 1338 781 qui
1357 696 1437 760 sive

315 777 388 862 apsa
409 775 520 840 anima
542 777 670 840 esl'five
692 776 820 864 aliqtud
840 777 1012 865 spirituale
1030 775 1070 845 iu
1093 797 1159 864 qua
1174 775 1352 842 constituta
1371 779 1433 854 esi,

318 859 559 947 exposrtionem
580 862 727 936 adderet,
750 883 922 960 exponent
943 861 1040 926 illum
1058 862 1172 925 locum
1186 858 1223 924 in
1242 881 1310 947 quo
1326 860 1436 949 scrip-

316 959 390 1006 tum
414 943 473 1019 ast,
514 959 573 1020 „et
594 947 817 1030 apprehendat
838 947 929 1008 Deua
948 943 1124 1010 hominem
1146 943 1369 1029 quemfecit,
1397 961 1437 1010 et

317 1025 432 1112 posuit
464 1044 541 1091 eum
573 1024 610 1090 in
630 1027 782 1112 paradiso
804 1027 934 1114 operari
957 1044 991 1092 et
1010 1025 1184 1093 custodire.
1226 1025 1342 1102 Video,
1378 1025 1435 1092 in·

317 1109 407 1256 liis
426 1107 1118 1281 allalatus?‘attitulati
1131 1109 1433 1258 allatio}

315 1274 481 1361 inspirant
513 1277 680 1362 procellua
707 1291 742 1340 et
769 1277 978 1343 incrementa
1011 1276 1158 1341 virtutia.
1199 1273 1358 1361 Denique
1390 1275 1433 1341 in

343 1357 468 1424 aradiso
490 1381 568 1424 eum
589 1359 784 1437 collocavit,
821 1377 861 1425 ut
882 1361 964 1426 sciaa
986 1357 1246 1458 apprehensum,
1269 1359 1360 1444 quali
1383 1361 1435 1424 ai·

375 1463 433 1506 um
455 1441 571 1507 divina
592 1445 655 1507 else
675 1443 812 1508 virtute.
866 1447 946 1530 Quo
966 1446 1034 1508 loca
1055 1443 1141 1508 illud
1164 1443 1316 1518 adverte,
1348 1441 1434 1528 quia

315 1541 409 1590 extra
429 1525 618 1612 paradisum
640 1525 693 1590 vir
712 1527 821 1591 sactua
843 1529 902 1604 all,
926 1541 960 1592 et
980 1525 1102 1592 mulier
1117 1522 1203 1590 intra
1216 1523 1432 1622 paradisuma

207 1622 211 1630 ·
316 1620 363 1671 ut·
377 1611 547 1685 advertar,
587 1612 679 1706 quod
700 1631 770 1674 non
792 1609 878 1687 loci,
902 1632 972 1674 non
995 1608 1127 1696 generia
1146 1593 1434 1682 nobilitatastsed

314 1689 442 1754 virtute
461 1713 695 1778 unusquisque
716 1691 855 1778 gratiam
878 1693 936 1758 fibi
958 1707 1140 1778 comparat.¹
1194 1689 1352 1777 Denique
1376 1715 1432 1759 ex·

315 1787 366 1836 tra
387 1774 575 1858 paradisum
598 1775 723 1850 factus,
746 1779 813 1841 hnc
834 1777 877 1840 ess
897 1777 934 1840 in
955 1775 1120 1841 inferiora·
1134 1773 1212 1838 loco
1231 1771 1286 1838 vir
1304 1777 1431 1842 melior

314 1855 510 1922 inveniturt
545 1873 580 1921 ct
599 1857 656 1922 illa
677 1879 763 1944 quae
785 1859 822 1923 in
843 1858 982 1924 meliore
1003 1861 1097 1932 loco,
1120 1860 1186 1922 hoc
1207 1855 1252 1920 est
1271 1855 1309 1921 in
1330 1881 1429 1944 para·

227 1995 229 2000 Α
316 1937 388 2004 diso
417 1940 504 2005 sacta
526 1941 585 2017 ea,
599 1941 782 2040 ‚reperitur
801 1941 953 2058 inferior:
994 1941 1123 2040 Mulier
1140 1939 1233 2038 enim
1253 1939 1347 2038 prior
1370 1947 1430 2010 de·

313 2023 554 2172 tantatos
571 2047 685 2172 ozan
702 2025 1429 2207 ³1:sttztrtnuatututuaz:

313 2191 463 2275 poralcm
491 2207 591 2278 atque
619 2192 674 2254 sen
703 2191 804 2256 bilem
830 2195 969 2257 voluisse
991 2187 1156 2254 astruere?
1189 2191 1238 2252 Μ.
1260 2189 1350 2254 Cum
1372 2193 1429 2260 hia

314 2273 395 2358 quia
434 2273 512 2337 talia
539 2275 678 2348 volunt,
716 2295 787 2338 non
819 2275 862 2338 esl
893 2275 1040 2339 nostrum
1068 2270 1252 2338 colluctari.
1306 2274 1430 2364 Neque

310 2354 408 2418 enim
430 2359 514 2424 duoa
534 2356 703 2442 paradisoa
725 2359 804 2431 elle,
834 2379 941 2422 unum
965 2357 1100 2443 quidem
1123 2356 1347 2440 corporalem,
1384 2364 1430 2426 al·

313 2452 423 2501 terum
444 2459 524 2502 vero
546 2437 752 2524 spiritualem
774 2461 953 2526 negamua,
983 2461 1048 2504 nec
1069 2437 1279 2515 affirmamur·
1323 2444 1427 2508 Sanc·

313 2537 427 2584 torum
449 2537 561 2584 autem
580 2521 718 2584 Patrum
740 2519 949 2586 solummodo
972 2521 1152 2586 sententiaa
1175 2519 1311 2586 interim
1333 2525 1426 2591 inter

312 2621 376 2668 noa
398 2603 621 2676 conferimua;
645 2602 703 2690 qui
724 2619 836 2668 autem
857 2627 910 2668 ma
935 2604 963 2668 ia
986 2604 1145 2692 sequendi
1167 2604 1262 2679 sunt,
1283 2629 1356 2673 non
1379 2611 1423 2674 esi

205 2692 216 2742 ·'
311 2685 459 2750 nostrum
479 2687 645 2766 judicare:
667 2687 899 2785 unuaqui'aque
913 2627 979 2751 luo
996 2689 1091 2752 sensu
1107 2689 1267 2760 abundet,
1292 2707 1327 2755 et
1337 2713 1424 2778 quoa

312 2770 485 2856 sequatur,
517 2768 636 2854 eligat,
667 2767 915 2854 litigatiornbua
940 2769 1076 2836 relictio.
1128 2771 1194 2834 Sed
1222 2790 1292 2855 quo
1323 2773 1423 2840 sensu

311 2851 459 2916 summae
491 2849 700 2918 auctoritatis
728 2874 781 2916 ma
806 2852 896 2928 ister,
927 2868 1027 2941 atqua
1057 2851 1234 2918 acutiffi'mi
1265 2871 1300 2920 et
1318 2857 1422 2924 subti-

310 2931 426 3003 liffimi*
449 2931 603 3022 ingenii,
637 2933 674 2998 in
698 2875 959 3022 expuitionibua
982 2935 1117 3001 divinae
1138 2935 1320 3021 scripturae
1342 2943 1423 3009 talia

309 3017 511 3103 protulerit,
540 3040 611 3083 non
634 3017 732 3082 facile
752 3019 852 3084 nobia
875 3021 1001 3084 elucat=
1031 3019 1092 3083 nifi
1114 3019 1203 3082 sorte
1223 3034 1262 3082 ut
1282 3024 1423 3112 saepiffi-

310 3121 366 3166 me
394 3099 431 3164 iu
460 3097 560 3186 ipfiua
582 3100 844 3186 expofitionibua
865 3101 1077 3177 invenimus,
1111 3102 1256 3168 summoa
1279 3107 1422 3175 Graeco·

309 3205 386 3247 rum
415 3186 609 3269 Theologoa
639 3184 770 3268 secutus
800 3185 857 3260 stt,
891 3201 925 3250 et
945 3185 1090 3250 maxime
1112 3186 1331 3270 Gregoriumr
1359 3193 1422 3280 qui

177 3296 180 3302 ¹
312 3269 394 3330 duaa
416 3266 566 3330 hominia
589 3265 802 3330 cotaditionea
825 3268 887 3332 esse
910 3270 1070 3343 afferunt,
1092 3289 1196 3332 unam
1217 3271 1354 3355 quidem
1376 3279 1421 3342 ad

310 3347 491 3435 imaginem
524 3347 609 3422 Dei,
639 3347 675 3410 in
706 3371 769 3434 qua
791 3371 856 3415 nec
876 3354 1043 3439 maaoulqa
1064 3373 1129 3416 nec
1146 3351 1299 3420 foemina
1319 3357 1421 3422 intel·

308 3430 444 3518 ligitur,
467 3432 524 3494 scd
548 3431 613 3494 sola
633 3429 830 3496 universalia
854 3450 888 3496 et
908 3435 1044 3522 simplex
1065 3435 1273 3515 humanitas,
1296 3439 1421 3506 fimilli·

308 3535 431 3600 maque
452 3513 623 3612 angelicae
643 3530 800 3612 naturae3
824 3539 924 3603 quam
949 3517 1043 3583 omni
1064 3517 1142 3582 sexu
1164 3519 1305 3587 omnino
1328 3542 1418 3588 care·

309 3618 363 3672 re,
397 3611 431 3660 et
461 3611 642 3661 auctontaa
671 3613 910 3664 ancunctanter
931 3616 965 3664 et
984 3621 1062 3664 vera
1084 3604 1183 3664 docet
1203 3603 1308 3670 ratior
1339 3609 1420 3673 alte·

307 3701 378 3743 ram
392 3699 480 3743 vvero
504 3695 602 3766 atque
625 3681 803 3768 secundam
825 3683 1025 3769 praescitum
1046 3683 1254 3750 rationabilia
1275 3703 1417 3757 naturae

308 3761 472 3827 delictum
492 3762 750 3849 superadditam,
773 3763 809 3828 in
832 3787 897 3852 qua
918 3767 1012 3868 sexua
1033 3767 1257 3834 constituitur.
1290 3773 1417 3874 Merito

278 3993 281 4000 ,
307 3865 389 4025 stt?
403 3847 1049 4025 tsstltt'lss‘t„attitulatos
1069 3849 1418 4005 insistatis:

301 4025 467 4076 matronae
488 4027 651 4076 narratur.
693 4013 804 4078 Virilia
825 4014 939 4102 itaque
959 4016 1055 4079 sexua
1075 4031 1216 4084 naturae
1237 4023 1280 4085 ad
1297 4021 1418 4112 imagi·

177 4127 179 4132 ,
306 4115 388 4158 nem
419 4091 486 4158 Dei
514 4095 623 4160 sactae
655 4096 887 4183 superadditus
909 4113 1000 4186 extra
1019 4098 1210 4184 paradisum
1230 4103 1340 4172 statua
1362 4109 1416 4174 ett

258 4257 264 4268 Α
308 4177 376 4244 Sed
404 4175 484 4265 quia
512 4193 546 4244 et
574 4177 646 4268 ipse
674 4180 769 4248 sexua
796 4179 903 4268 priori
929 4197 1069 4250 naturae
1097 4181 1235 4254 dirime
1256 4188 1417 4260 videlieet
